2260 4152
204 283 390 341 uivus:
429 275 683 338 raumara.
812 249 859 326 35

48 417 346 502 ms,cuuctaquae
357 401 404 474 ab
420 399 621 475 Alexandro
630 392 861 472 contraGrae-

48 515 286 620 tiamindigne
295 505 861 607 commissaessenssretexuitflb

50 635 312 730 qnaeultionem
326 631 428 710 brevi
441 647 586 706 testatus
595 645 660 706 est.
672 628 764 704 Dein
778 627 867 700 Me·

50 749 153 826 nelaus
176 755 236 829 ira
262 751 450 854 percitus,
473 749 584 825 atroci
598 748 698 826 vultu
714 745 864 821 exitium

51 867 217 966 minatus,
242 869 448 948 concilium
460 867 619 948 dimittit.
640 867 729 966 Quae
740 862 802 938 ubi
819 858 866 934 ad

52 983 238 1064 Pn'amidas
252 987 401 1088 perlata
412 1003 515 1080 sunt,
539 983 754 1082 confirmant
775 979 869 1052 iuter
964 1031 966 1034 -

54 1124 84 1173 se
100 1101 190 1178 clam
199 1163 214 1201 ,
234 1105 296 1180 uti
327 1129 395 1204 per
407 1103 531 1178 dolum
558 1102 693 1202 legatos
710 1097 870 1174 circum-

56 1219 198 1297 veniant.
232 1221 449 1299 Credebant
476 1219 637 1326 quippe,
668 1217 767 1318 quod
795 1239 872 1288 non

59 1333 176 1412 frustra
201 1369 271 1416 eos
298 1338 426 1412 habuit
437 1394 449 1432 ,
476 1336 506 1410 si
529 1333 636 1434 legati
659 1332 873 1430 imperfecto

6 1526 7 1539 ,
62 1458 197 1556 negotio
215 1457 455 1538 revertissent
466 1511 478 1549 ,
502 1451 581 1526 fore
607 1448 661 1522 uti
685 1444 878 1525 adversum

5 1643 6 1647 ,
65 1594 96 1644 se
118 1577 255 1676 grande
287 1572 460 1674 proelium
490 1567 739 1646 concitaretur.
765 1563 879 1666 Igitur

70 1690 245 1791 Antenor,
273 1693 381 1794 cujus
399 1691 443 1766 de
464 1686 647 1764 sanctitate
662 1709 809 1758 morum
822 1707 881 1756 su-

71 1829 129 1902 pra
140 1807 432 1889 memoravimus
446 1866 458 1905 ‚
488 1807 673 1882 Priamum
688 1799 882 1894 convenit,

77 1928 432 2030 coniurationemque
458 1925 590 2002 factam
618 1919 879 2023 conqueritur:
965 1973 969 1978 .

76 2039 160 2118 filios
176 2050 318 2150 quippe
336 2046 412 2146 ejus
424 2053 498 2118 non
509 2039 632 2144 legatis
646 2096 658 2134 ,
674 2037 738 2113 sed
753 2036 883 2112 adver-'-

80 2183 132 2235 sus
146 2191 181 2240 se
196 2165 346 2243 insidias
358 2189 482 2262 parare
498 2193 506 2233 :
525 2187 643 2260 neque
656 2157 694 2229 id
707 2182 743 2230 se
758 2179 885 2254 passu-

86 2303 169 2356 rum.
196 2285 296 2360 Dein
327 2309 402 2357 non
425 2281 540 2356 multo
562 2292 644 2376 post
668 2272 792 2376 legatis
807 2296 888 2344 rem

86 2400 201 2494 aperit.
223 2407 280 2480 lta
305 2397 497 2500 exploratis
519 2393 712 2484 omnibus,
730 2386 890 2466 adhibito
949 2465 951 2475 ¹

7 2473 12 2643 i
89 2517 269 2614 prasidio,
298 2501 415 2618 quum
449 2513 612 2612 primum
644 2517 892 2601 opportunum

8 2646 13 2687 i

8 2699 10 2782 f
88 2629 195 2714 visum
210 2628 263 2716 est
271 2693 286 2734 ‚
303 2634 491 2712 inviolatos
504 2653 565 2706 eos
578 2619 735 2702 dimittit.

7 2793 14 3015 i

332 3058 522 3132 CAPUT
553 3052 656 3128 XII.

7 3256 12 3315 f
140 3217 231 3293 Dura
249 3216 327 3289 haec
347 3203 442 3312 apud
457 3210 610 3311 Trojam
626 3216 803 3308 agimtur,
825 3195 901 3270 dis-
961 3191 1001 3212 '²

5 3360 11 3471 t
96 3337 262 3414 seminata
276 3332 352 3435 jam
365 3356 431 3431 per
447 3329 651 3424 universam
662 3315 836 3400 Graeciam
850 3314 903 3388 fa·
