2260 4152
224 281 275 360 aa
416 307 591 362 evenne
619 309 672 360 nr
698 284 852 362 enom!

226 435 369 516 cenent,
397 449 515 524 neque
543 424 780 499 resistendum
809 421 1045 523 popularium
1112 517 1113 522 Ἰ

226 533 1049 642 voluntati3soloonmiumDeiphobOHecubae

227 681 369 732 assensn
398 689 406 729 :
431 685 542 760 quem
557 685 631 734 non
648 659 750 734 aliter
762 669 870 760 atque
885 659 1046 734 Alexan-
1109 689 1113 702 *

227 773 360 868 dmm,
378 776 526 852 Helenae
542 775 760 853 desiderium
776 804 796 849 a
810 791 908 851 recto
926 775 1048 850 eonsi-

228 890 279 966 tio
298 892 551 990 praepediebat.
578 897 704 995 Itaque
727 921 842 996 quum
867 892 1048 980 obstinate

192 1075 195 1080 ,
231 1008 384 1086 Hecuba
407 1037 503 1086 nune
516 1009 722 1106 Priamum,
739 1011 852 1088 modo
874 1009 963 1084 filios
976 1010 1050 1083 de-

230 1143 465 1228 precaretur,
492 1129 604 1210 mssodo
630 1128 822 1228 complexu
849 1129 927 1231 ejus
950 1125 1052 1201 nulla

233 1245 372 1320 ratione
388 1245 507 1322 divelli
520 1264 661 1346 posset,
678 1273 805 1324 omnes
825 1239 887 1349 qui
902 1246 1053 1322 aderant

235 1361 503 1440 involuntatern
511 1391 613 1439 suam
626 1364 834 1440 transduxit.
844 1367 898 1437 Ita
910 1363 1055 1462 adpos-

235 1496 397 1558 tremum
419 1483 558 1560 bonum
583 1482 770 1584 publicum
789 1485 952 1559 materna
965 1507 1056 1584 gra·-
1112 1561 1113 1568 ἵ

237 1598 288 1676 tia
301 1617 512 1699 corruptum
526 1611 589 1675 est'.
611 1600 705 1674 Dein
729 1614 875 1698 postero
893 1599 950 1674 die
967 1599 1055 1672 Me-

239 1717 362 1791 nelaus
373 1744 457 1794 cum
469 1717 545 1792 ‘suis
556 1716 594 1790 in
605 1713 817 1796 concionem
832 1715 931 1794 venit
938 1770 951 1809 ,
967 1739 1057 1789 con-

103 1857 107 1864 ·
240 1833 386 1934 jugem,
412 1848 448 1908 et
462 1859 644 1934 quaecum
666 1835 710 1906 ee
734 1833 882 1930 abrepta
909 1847 1056 1927 essent,

242 1965 418 2048 repetens.
435 1948 968 2058 TunePriamaininterreguiee
978 1975 1061 2026 me·
1112 1963 1113 1968 ’

194 2115 198 2126 ·
244 2067 322 2144 dius
331 2069 594 2164 adstanafacta
606 2067 766 2166 silentio,
779 2066 967 2166 optionem
979 2071 1062 2144 He-

243 2187 352 2281 lenae,
369 2215 447 2288 quaa
460 2188 511 2262 nb
520 2187 558 2261 id
569 2187 608 2262 in
620 2203 814 2287 conspeetu
827 2178 1060 2287 popularium

245 2321 413 2410 venerat,
430 2308 560 2401 offert,
584 2305 614 2380 si
635 2305 669 2381 ei
682 2305 884 2400 videretur,
906 2305 1062 2381 domum

227 2449 229 2454 ’
248 2423 295 2504 ad
306 2451 389 2500 snos
403 2425 556 2528 regredi,
571 2425 692 2526 Quam
706 2422 827 2498 ferunt
840 2421 985 2517 dixisse,
997 2449 1063 2498 ne·
1112 2485 1113 2498 ,

250 2571 321 2644 que
334 2544 589 2642 seinpatriam
601 2542 745 2644 regredi
754 2541 843 2618 velle
850 2567 987 2641 ,neque
995 2539 1063 2614 sihi

252 2687 336 2735 cum
349 2661 505 2735 Menelai
528 2659 764 2733 matrimonio
778 2655 982 2732 convenire.
1010 2661 1063 2734 Ita

251 2779 368 2880 reguli
381 2779 551 2854 habentes
565 2778 769 2871 Helenam,
788 2801 863 2849 non
878 2775 954 2851 sine
971 2777 1066 2852 exul·

154 2881 158 2886 ’
253 2895 386 2974 tatione
405 2923 449 2972 ex
464 2895 636 2974 concione
655 2883 854 2971 discedunt.

509 3093 704 3168 CAPUT
737 3093 812 3162 XI.

293 3252 389 3348 ¹Hie.
404 3246 519 3339 aetie,
538 3244 688 3348 Uiytsm
711 3238 933 3320 contestandi
957 3241 1072 3343 magis

263 3367 375 3471 gratia
382 3423 401 3466 „
410 3390 525 3469 quaen
531 3361 666 3466 aliquid
679 3364 720 3440 ee
731 3361 894 3439 oratione
907 3359 1074 3461 profutu-
