2360 4142
254 317 398 372 nrvnn
428 287 727 378 outrrriur.
827 279 897 360 365

92 458 111 500 n
134 455 177 504 ex
194 457 264 530 que
283 446 383 505 ortus
398 427 586 504 Dardanus
598 426 757 524 Olizonae
774 409 900 500 Phinei

91 545 267 644 »junctus
298 545 575 620 Erichthonium
607 543 757 634 ediderit
785 541 898 642 :ejus

92 665 221 736 »Tros
233 653 255 757 ,¹
268 662 360 736 dein
385 689 429 738 ex
456 688 500 738 eo
524 659 623 755 llus,
650 657 900 761 Ganymedes,

94 807 112 848 n
127 779 373 856 Cleomnestra
388 797 424 888 et
436 783 650 874 Assaracus,
669 785 840 880 ‘etque‘ex
857 801 902 852 eo

94 925 113 968 r
126 900 245 1001 Capys
258 898 426 975 Anchise
438 905 562 999 peter:
578 897 672 974 Ilum
686 895 769 969 dein
777 891 904 969 Titho-

93 1043 217 1090 »num
243 1033 280 1092 et
306 1019 605 1104 Laomedontem*
629 1011 792 1114 genuisse
820 1042 828 1083 z
856 1035 901 1087 ex

94 1161 112 1203 n
127 1132 374 1205 Laomedonte
411 1129 653 1232 Hicetaonem
667 1137 690 1224 ,'
712 1129 901 1234 Clytium,

93 1279 112 1321 n
129 1252 312 1347 Lampum
327 1303 340 1342 ,
373 1249 607 1350 Tymoetem,
641 1247 901 1341 Bucolionem,

94 1396 113 1436 »
127 1379 235 1465 atque
255 1363 440 1438 Priamum
462 1364 625 1466 genitos:
645 1390 836 1464 rursusque
857 1388 901 1438 ex

95 1511 113 1552 >r
128 1479 372 1575 Cleomnestra
384 1495 421 1554 et
433 1482 579 1582 AEsyete
591 1507 629 1554 se
640 1479 815 1580 genitum.
824 1482 902 1554 Cre-

96 1627 114 1667 »
131 1612 247 1670 terum
273 1596 459 1670 Priamum
479 1613 606 1672 cuncta
624 1595 705 1696 jure
726 1595 901 1670 affinitatis

95 1744 114 1782 n
130 1709 539 1815 proculcantom,magis
551 1713 589 1786 in
601 1711 900 1810 suossuperbiam
925 1801 928 1810 ¹

95 1860 114 1901 n
128 1844 234 1929 atque
263 1829 388 1903 odium
419 1829 626 1907 exercuisse.
656 1861 676 1904 n
706 1831 901 1932 Postquam

93 1947 202 2041 finem
226 1945 397 2049 loquendi
421 1947 528 2042 fecit,
549 1947 705 2047 postulet
728 1949 780 2022 uti
805 1973 901 2049 quo-

87 2064 186 2138 niam
199 2092 219 2139 a
231 2065 373 2140 senibus
384 2064 522 2168 legatus
538 2067 635 2164 pacis
648 2065 776 2138 missus
787 2082 877 2140 esset
884 2122 898 2159 ,

90 2181 216 2256 darent
234 2207 277 2256 ex
302 2197 544 2252 suonumero
565 2199 650 2245 cum
673 2173 773 2273 queis
792 2201 899 2275 super

87 2297 149 2372 tali
168 2293 316 2395 negotio
335 2289 574 2388 disceptaret:
597 2287 772 2389 electique
796 2293 898 2394 Aga-

86 2437 295 2504 memnon,
328 2405 574 2500 Idomeneus,
607 2403 756 2508 Ulysses
789 2424 905 2510 atque.

86 2527 300 2620 Diomedes,
321 2521 384 2624 qui
405 2536 543 2599 secreto
561 2519 607 2596 ab
625 2521 700 2596 aliis
718 2525 897 2625 proditio-

86 2669 175 2722 nem
205 2655 439 2740 componunt.
471 2639 649 2716 Pmterea
674 2639 810 2741 placet,
842 2649 897 2723 uti

88 2763 215 2838 AEneae
224 2814 237 2851 ‚
253 2757 281 2830 si
297 2779 510 2856 peruenere
525 2756 564 2830 iu
583 2753 654 2832 fide
673 2758 795 2852 vellet,
814 2787 897 2860 pars

87 2877 223 2978 praedae
236 2888 272 2949 et
285 2873 414 2948 domus
433 2871 595 2950 universa
614 2872 691 2972 ejus
709 2871 898 2956 incolumis

88 3006 264 3070 maneret.
284 2991 356 3088 ipsi
373 3006 495 3068 autern
514 2990 689 3065 Antenori
706 2990 897 3072 dimidium

87 3113 272 3187 bonorum
295 3107 447 3202 Priami,
468 3133 695 3210 regnumque
718 3110 781 3182 uni
806 3110 898 3188 filio

87 3255 176 3305 rum
196 3226 273 3328 ejus
295 3249 414 3325 quem,
426 3225 607 3326 elegisset,
628 3226 893 3308 concederetur.

86 3346 168 3424 Ubi
185 3344 269 3445 mis
287 3356 482 3422 tractatum
499 3341 615 3420 visum
635 3358 709 3438 est,
730 3344 896 3434 Antenor

1029 964 1170 1110 ..i

1114 154 1163 206 t,

1106 296 1159 341 i.

1091 210 1167 514 ‘i

1094 476 1167 530 it

1164 821 1169 896 i

1125 894 1169 946 'i
