2260 4152
218 349 391 439 navat
429 336 672 410 tuantur?
717 409 719 413 ,
804 337 851 430 59
904 369 911 398 r

40 465 283 564 cepsinsecuta
294 480 398 559 sunt,
411 467 582 567 quoniam
595 467 669 566 ipse
681 467 849 564 interlui,

42 609 144 684 quam
164 582 353 659 verissime
374 589 501 681 potero
523 610 712 684 exponam.
737 587 851 690 Igitur

43 716 117 798 post
130 726 192 776 eos
208 727 303 802 quos
317 727 424 800 supra
437 697 742 801 memoravimus,
754 707 853 781 Nes-

43 833 97 892 tor
112 847 198 894 cum
226 818 422 894 Antilocho
443 836 479 894 et
500 823 744 924 Trasymede,
762 850 852 925 quos

44 962 85 1010 ex
100 934 280 1012 Anaxibia
306 953 529 1034 susceperat,
549 939 764 1038 supervenit.
781 943 852 1016 Eos

44 1053 210 1128 Peneleus
223 1051 410 1146 insecutus
422 1081 506 1128 cum
521 1055 649 1132 Clonio
663 1073 699 1132 et
712 1057 854 1132 Arcesi·
870 1065 875 1074 '

45 1168 98 1242 lao
109 1169 396 1270 consanguineis.
411 1171 504 1245 Dein
516 1173 760 1248 Prothenoret
772 1172 855 1247 Lei-
887 1169 889 1174 ’

46 1301 123 1380 tus,
145 1286 281 1360 Beotiae
298 1284 489 1385 principes.
509 1290 673 1388 Itemque
685 1289 855 1365 Schedius

47 1419 80 1476 et
91 1403 348 1501 Epistrophus,
362 1403 560 1480 Phocenses
568 1433 580 1492 3
594 1405 812 1504 Ascalaphus
818 1421 854 1480 et

1 1579 2 1582 ,
47 1519 241 1615 Ialmenus,
261 1520 511 1594 Orchomenii.
539 1525 638 1596 Tum
664 1522 791 1597 Diores
819 1537 855 1598 ct

49 1640 174 1738 Meges
193 1665 239 1711 ex
256 1636 393 1738 Phyleo
412 1638 572 1740 genitus,
586 1639 707 1714 Thoas
723 1665 767 1714 ex
779 1641 857 1714 An-

46 1753 246 1849 dramone,
263 1753 469 1854 Eurypylus
485 1755 679 1832 Euemonis
687 1812 701 1852 ,
719 1756 857 1833 Orme-

1 1907 2 1916 .
44 1869 123 1946 nius
130 1926 144 1966 ,
160 1888 197 1947 et
209 1875 402 1948 Leonteus.

281 2073 309 2140 C
321 2074 351 2140 A
361 2073 388 2141 Ρ
400 2075 431 2142 U
443 2074 475 2142 T
506 2073 569 2142 XI
582 2076 621 2144 V.
648 2149 652 2158 ,

93 2223 198 2298 Posr
213 2183 306 2324 quos
330 2223 487 2300 Achilles
503 2224 598 2298 Pelei
614 2240 650 2299 et
675 2223 859 2318 Thetidis,

47 2367 124 2440 φιτ
141 2367 188 2414 ex
199 2340 358 2414 Chirone
374 2340 569 2415 dicebatur.
589 2339 661 2414 Hic
678 2341 716 2412 in
728 2339 856 2437 primis
981 2373 983 2378 ·
1081 2303 1122 2339 '¹

47 2456 294 2532 adolescentiae
307 2457 433 2550 annis,
454 2483 644 2555 procerus,
657 2457 786 2530 decora
802 2457 860 2526 fa-

42 2574 120 2669 cie,
137 2573 260 2649 studio
282 2601 404 2648 rerum
419 2573 628 2649 bellicarum
641 2598 767 2660 omues
783 2571 859 2672 jam

42 2708 121 2767 tum
129 2692 338 2794 virtuteque
346 2707 382 2766 et
394 2691 507 2797 gloria
514 2691 714 2792 superabat.
729 2691 861 2789 Neque

40 2826 170 2887 tamen
186 2813 312 2886 aberat
339 2811 383 2884 ab
407 2837 450 2886 eo
467 2809 520 2888 vis
548 2810 712 2909 quaedam
736 2807 862 2884 incon-

38 2931 125 3004 sulta
162 2946 200 3004 et
217 2931 329 3005 effera
343 2955 491 3003 morum
506 2925 740 3025 impatientia.
765 2928 861 3002 Cum

38 3074 75 3120 co
86 3046 287 3124 Patroclus
301 3061 340 3120 et
348 3046 496 3122 Phoenix
503 3074 515 3135 ,·
525 3042 614 3118 alter
623 3058 771 3142 propter
779 3069 864 3120 con·

36 3165 271 3260 junctionem
300 3163 482 3258 amicitiae,
510 3162 600 3236 alter
617 3175 734 3236 custos
754 3176 862 3260 atque

34 3300 160 3360 rector
180 3284 275 3386 ejus.
304 3279 537 3378 Tlepolemus
560 3280 641 3354 dein
662 3275 859 3353 Herculis:

31 3399 289 3488 euminsecuti
303 3413 385 3480 sunt
405 3397 606 3504 Phidippus
615 3411 651 3480 et
659 3393 860 3496 Antiphus,
