2326 4130
268 307 414 359 nrvne
450 289 744 372 ourrnrhur.
836 291 902 361 331

76 415 138 488 de
155 432 286 514 caetero
302 421 412 494 etiam
425 423 665 517 deterrerent,
680 423 717 497 in
731 421 910 523 colloquio

78 531 192 608 clam
206 564 291 612 cum
307 540 467 615 hostibus
483 569 601 644 agere.

345 821 550 892 cnrur
576 823 664 893 ιι
736 809 739 816 ’
805 805 809 812 ’

162 1007 334 1098 Inrmun
365 1008 572 1092 Alexander
602 1009 812 1137 Ιοοιιιιιοιιιίι
798 1007 915 1108 ¹jam

86 1149 185 1199 cum
192 1119 390 1220 Deiphobo
402 1111 536 1204 insidiis
542 1177 555 1214 ,
561 1121 725 1228 pugione
737 1095 915 1214 accinctus

91 1239 147 1313 ad
167 1231 344 1313 Achillem
359 1236 580 1348 ingreditur,
589 1241 844 1352 confirmator
852 1270 918 1320 ve·
968 1297 970 1300 -
1007 1275 1012 1283 “

94 1355 172 1432 luti
199 1381 326 1451 eorum
357 1383 437 1458 quae
461 1332 625 1434 Priamus
649 1331 917 1464 pollicebatur:

96 1500 265 1574 moxque
290 1472 335 1548 ad
357 1499 478 1570 aram,
495 1500 605 1579 quo
595 1501 642 1550 ne
667 1475 777 1551 hostis
794 1473 920 1548 dolum

94 1591 342 1696 persentiret,
376 1618 644 1728 aversusquea
622 1595 789 1688 educe,
808 1591 922 1684 adsis-

102 1709 163 1788 tit.
186 1711 279 1800 Dein
296 1709 358 1792 ubi
380 1726 524 1826 tempus
537 1713 662 1816 uisum
669 1727 741 1810 est,
757 1709 922 1844 Deipbos

99 1826 175 1904 bus
191 1828 403 1946 amplexus
392 1858 574 1917 mennem,
570 1830 780 1933 juvenem,
788 1827 923 1932 qnippe

102 1945 147 2026 in
168 1971 283 2022 sacre
294 1947 474 2056 Apollinis
498 1949 605 2053 nihil
611 1949 738 2053 hostile
763 1963 927 2045 mamete·
1022 1943 1023 1948 ¹

107 2082 203 2159 tem,
227 2067 442 2164 ιιοιειιιιιι,
471 2047 715 2177 gratularique
738 2093 847 2166 super
870 2066 926 2140 his

112 2211 193 2286 quae
233 2187 488 2279 consensisset,
522 2211 642 2283 neque
668 2185 723 2279 ah
737 2207 782 2256 eo
807 2173 927 2266 divelli

113 2317 176 2376 aut
184 2301 352 2378 omittere
357 2297 929 2404 ,quoadAlexanderhbratogla
1008 2336 1012 2341 ·

116 2419 175 2498 dio
206 2443 450 2523 procurrens,
484 2443 669 2499 aversum
685 2417 827 2497 hostem
861 2435 929 2523 per

113 2558 309 2660 utrnmpue
325 2541 417 2633 letus
441 2541 626 2658 geminato
647 2539 721 2618 ictu
738 2541 931 2648 transfigit

113 2619 469 2783 Atubidissoluturir
482 2669 688 2788 vulneribus
701 2657 932 2750 animadve»
1026 2751 1029 2758 ,
1121 2626 1124 2638 ¹

119 2819 213 2896 tere,
230 2810 330 2896 parte
340 2792 413 2892 alie
430 2817 502 2894 qua
518 2801 689 2872 venerant
698 2838 710 2878 ,
723 2795 928 2880 proruunt·

125 2924 248 3020 Reque
272 2915 322 2992 ite
347 2911 526 3005 marinna,
550 2922 589 2987 et
617 2928 725 3002 super
746 2913 829 2977 vota
849 2923 931 2974 omn

127 3036 223 3113 nium
250 3029 494 3134 perlecta,1n
520 3023 702 3118 civitatem
730 3033 931 3150 recurrunt,

129 3154 253 3256 Quo
220 3179 297 3231 vrso
313 3149 477 3254 Ulyrses,
494 3148 615 3237 «Non
629 3159 765 3224 temere
779 3153 860 3230 est,
873 3135 934 3210 in

134 3307 153 3348 ι
170 3273 263 3376 quit,
277 3271 378 3372 quod
389 3269 427 3342 hi
441 3264 573 3342 turbati
587 3290 628 3337 ac
641 3257 772 3358 trepidi
785 3269 934 3387 repente

118 3426 151 3470 ι
168 3391 370 3496 prosiliverc
392 3419 423 3464 ι.
440 3384 560 3468 Dein
550 3405 698 3492 mgressi
688 3376 833 3454 lucum
839 3430 852 3470 ,
865 3373 939 3488 cit
