2360 4142
269 301 340 378 360
452 327 627 376 nonnae
655 327 709 376 ne
737 319 890 376 rnorn.

268 449 414 532 ceptus,
438 460 625 506 summum
650 433 733 508 fidei
747 427 1065 530 benevolentiaeque

268 576 351 650 erga
371 551 547 626 Graeciam
569 550 816 624 testimonium
835 549 929 648 capit
944 579 952 620 ι
965 543 1072 620 maxi·

265 693 398 768 meque
410 669 435 768 ‘a
459 671 632 762 Nestore,
647 668 747 768 quod
767 667 972 770 Mepelaum
993 660 1073 737 insi·

184 843 186 848 s
265 783 333 858 diis
352 785 596 886 Trojanorum
615 785 837 884 appetitum,
852 782 1000 860 oonsilio
1012 803 1073 854 suo

180 967 182 972 .
265 917 371 1004 atque
392 901 528 975 auxilio
560 901 717 977 filiorum
734 893 736 901 Α
751 902 944 978 servaverit
972 931 981 972 ε
1008 922 1073 998 pro

264 1019 367 1120 queis
379 1043 499 1094 eversa
517 1017 776 1116 Troja,multa
787 1018 956 1114 praeclara
968 1014 1076 1114 polli-
1151 1049 1152 1054 ¹

265 1135 337 1210 ceri
366 1164 373 1204 :
402 1133 609 1234 hortarique
629 1131 683 1206 nti
705 1131 856 1234 dignum
876 1132 1074 1226 memoria,

264 1275 333 1348 pro
346 1249 469 1325 amicis
488 1249 678 1326 adversum
697 1247 856 1348 perfidos
869 1249 1066 1325 moliretur.

268 1369 366 1444 Tum
379 1359 565 1470 longam
539 1391 684 1442 exorsus
697 1367 923 1444 orationem·
941 1396 959 1437 e
971 1369 1073 1443 Sem
1151 1385 1152 1402 ³

270 1515 289 1556 n
306 1511 384 1586 per,
393 1486 915 1586 art,pr1nc1pesTroJaepoenam
924 1485 973 1560 ob
984 1483 1073 1558 male

174 1651 175 1654 =
270 1626 298 1676 n
308 1597 467 1680 consulta
480 1603 867 1704 divinituseonsequi».
883 1601 977 1678 Dein
995 1601 1076 1677 sub·
1151 1651 1152 1656 ,

265 1719 1074 1821 jungit«LaomedontisadversumHerculem
1097 1769 1100 1774 -

266 1866 287 1908 n
303 1834 1076 1938 famosaperjnria,insecutamqueejnsregni

237 1985 239 1990 ·
267 1979 288 2018 a
307 1950 564 2023 eversionem:
589 1980 659 2048 qua
682 1967 892 2048 tempestate
914 1950 1078 2026 Priamus

174 2059 180 2061 ’
268 2093 288 2134 n
308 2061 474 2160 parvulus
491 2061 711 2158 admodum,
724 2079 833 2165 atque
851 2094 995 2167 expers
998 2095 1080 2144 om-

237 2217 240 2222 ·
269 2210 289 2252 n
309 2179 413 2254 nium
429 2207 507 2280 quae
520 2193 618 2280 gesta
628 2198 749 2272 erant,
759 2210 806 2276 pe
809 2184 875 2268 tim
879 2186 1078 2280 Hesionae,

270 2329 291 2371 »
310 2321 423 2399 regno
453 2294 642 2394 impositus
665 2311 732 2372 est.
758 2300 853 2376 Eum
879 2301 1015 2377 male
1003 2329 1076 2402 jem

262 2445 290 2496 ,a
309 2416 393 2490 inde
405 2414 659 2514 desipientem,
671 2432 817 2492 cunctos
828 2418 1010 2519 sanguinis
1026 2419 1077 2494 sui

269 2533 449 2632 »injuriis
474 2533 638 2609 insectari
672 2535 839 2632 solitum,
867 2536 1078 2634 parcumin

270 2678 290 2718 n
309 2673 373 2720 suo
385 2664 492 2748 atque
503 2667 734 2747 appetentem
745 2653 849 2727 alieni
860 2685 868 2725 ε
880 2680 1078 2755 quoexem·

268 2793 288 2836 n
310 2763 371 2863 plo
385 2762 495 2840 veluti
513 2766 667 2864 pessima
688 2770 900 2874 contagione
922 2769 1078 2847 imbutos

230 2915 232 2922 ¹
264 2913 290 2980 ¹n
311 2882 402 2956 filios
416 2883 512 2984 ejus,
525 2910 643 2988 neque
655 2913 774 2980 sacro,
790 2903 909 2988 neque
924 2890 1076 2988 profano

270 2999 529 3074 »abstinuisse
552 3005 731 3078 Caeterum
756 3029 792 3076 se
817 3003 944 3080 eadem
968 3004 1076 3104 stirpe

271 3133 290 3190 n
308 3113 594 3218 qua‚Priamum,
604 3118 734 3190 Graecis
746 3117 995 3218 conjunctum,
1006 3122 1076 3198 ani-

230 3247 234 3257 ’
270 3231 290 3302 'n
309 3259 372 3306 mo
393 3229 598 3329 semper-ab
619 3255 663 3312 eo
687 3231 850 3308 discerni.
875 3238 1075 3313 Hesionam
1151 3323 1152 3330 ἵ

229 3371 236 3390 ”
269 3375 289 3416 a
309 3347 443 3448 quippe
451 3347 565 3464 Danai
573 3345 684 3436 saliam
691 3349 889 3446 ,Electram
899 3355 1075 3458 genuisse,
