2260 4152
289 391 335 464 16
470 420 647 469 ennean
675 421 728 469 nn
755 399 916 474 nnete?
1050 367 1096 417 ”ll

281 543 465 631 tentesque
473 536 668 628 memoria,
684 509 1097 637 singtnaquaeexsidoll

280 647 473 724 aPhoemce
485 667 586 748 patre
598 675 696 752 ejus
709 668 817 754 atque
829 650 1098 727 nohrlrbusm

281 731 1097 900 πηοηίεη’πηηηῐεεηπηηςηοηππππόθοοηίοτεπηξἃ

1055 619 1100 662 {llll}

528 1176 722 1247 caper
753 1177 837 1248 111.
965 1195 966 1202 π
1071 1123 1100 1194 n

328 1349 405 1424 Pnn
414 1349 510 1424 idem
524 1364 666 1447 tempus
678 1349 879 1432 Alexander
890 1310 1100 1474 Phrygiusffl

278 1466 413 1540 Priami
427 1467 540 1560 filius,
552 1495 637 1542 cum
655 1469 771 1541 AEnel
781 1465 928 1568 ahisque
938 1494 982 1542 ex
999 1493 1083 1542 con

277 1585 512 1688 sanguinitate
524 1583 713 1659 comitibus
721 1585 899 1680 Spartoe
889 1613 926 1656 ιη
936 1584 1099 1662 domum

277 1701 432 1774 Menelai
441 1701 596 1798 hospitio
608 1715 770 1797 receptus
776 1700 1096 1801 ‚indignissimum

276 1816 413 1890 facinus
423 1832 700 1914 perpetraverat.
719 1821 753 1890 ls
766 1843 922 1916 namque
935 1817 996 1890 ubi
1010 1822 1100 1894 ani-

276 1933 468 2011 madvertit
486 1960 610 2036 regern
629 1935 772 2027 abesse,
799 1934 898 2034 quod
916 1949 990 2007 erat
1003 1938 1100 2013 He-

275 2050 354 2126 lena
373 2066 502 2150 praeter
514 2065 655 2126 caeteras
671 2049 815 2127 Graeciae
834 2049 998 2124 faeminas
1012 2053 1099 2127 mi-

275 2169 386 2242 rande
402 2166 541 2267 specie,
560 2193 684 2243 amore
701 2167 778 2268 ejus
792 2182 915 2265 captus
923 2223 936 2261 ,
949 2167 1099 2265 ipsam-

272 2313 345 2385 que
376 2302 411 2360 et
440 2285 570 2360 multas
594 2311 681 2385 opes
710 2287 821 2360 domo
847 2285 924 2384 ejus
944 2286 1099 2385 aufert,

273 2403 415 2477 AEtram
429 2402 538 2478 etiam
556 2418 592 2478 et
602 2403 818 2505 Clymenam
831 2401 984 2477 Menelai
1000 2405 1098 2482 adfi-

272 2548 361 2616 nes,
378 2551 457 2624 qnae
476 2523 524 2598 ob
540 2521 838 2598 necessitudinem
850 2547 934 2596 cum
947 2521 1098 2600 Helena

273 2641 438 2739 agebant.
450 2643 644 2740 Postquam
653 2643 799 2714 Cretam
810 2635 960 2711 nuncius
970 2641 1097 2738 venit,

273 2771 309 2828 et
326 2772 452 2830 cuncta
466 2783 544 2855 quae
557 2755 602 2829 ab
616 2754 821 2829 Alexandro
834 2754 1004 2830 adversus
1024 2757 1097 2832 do*

271 2899 376 2946 mum
392 2872 547 2948 Menelai
560 2873 751 2948 commissa
769 2886 892 2965 erent,
910 2874 1061 2970 aperuit
1085 2933 1097 2973 a

271 3014 500 3088 peromnem
515 2989 687 3083 insulam,
713 2988 803 3066 sieut
818 2987 857 3063 in
875 2989 937 3063 tali
950 3015 991 3065 re
1011 2991 1096 3068 fieri

269 3123 388 3201 amat,
405 3108 503 3181 fama
515 3107 552 3180 in
570 3106 689 3206 majus
703 3106 928 3212 divulgatur:
947 3115 1096 3212 expug-

270 3240 393 3298 natam
408 3221 544 3324 qnippe
560 3223 712 3298 domum
722 3224 837 3327 regis,
851 3250 1096 3330 eremumque

270 3369 449 3443 regnum,
471 3355 507 3414 et
526 3337 593 3414 alia
606 3338 644 3414 in
668 3341 776 3418 talem
789 3343 942 3420 modum
959 3340 1095 3446 singul

274 3459 501 3536 disserebant.
