2348 4156
314 357 464 436 arran
499 371 712 438 secono:
849 361 916 463 139

103 506 178 608 tem
187 549 200 588 ‚
215 493 313 568 ultro
330 495 466 572 Graecis
478 499 700 600 Polydorum
717 499 914 576 tradidisse.

105 615 159 686 Ex
179 639 254 712 quo
279 614 389 688 etiam
408 617 608 694 verendum
632 647 678 695 ne
697 636 820 724 quaet
840 619 919 693 aliae

108 730 311 830 conjunctae
322 760 364 806 ac
374 733 537 808 finitimae
551 738 921 839 regionesperniciosa

109 847 253 922 consilia
279 851 469 925 adversum
494 854 646 955 Trojam
676 856 917 932 molirentur:

108 985 227 1066 neque
241 965 330 1040 'fidei
347 967 426 1067 jus,
446 985 569 1044 contra
587 972 753 1048 insidiosa
770 988 921 1067 cuncta,

108 1098 216 1184 atque
237 1085 385 1161 adversa
404 1086 442 1160 in
460 1089 646 1166 obsidione
668 1093 759 1167 fore.
781 1095 873 1192 Quae
893 1087 922 1164 si

109 1227 257 1296 omnes,
271 1203 321 1276 ita
332 1219 373 1277 ut
388 1229 444 1280 res
459 1221 534 1300 est,
548 1208 669 1283 auimo
690 1225 920 1309 reputarent,

110 1336 146 1396 et
158 1321 300 1398 Helena
318 1349 404 1398 curn
424 1325 538 1426 gratia
551 1325 716 1421 remissa,
734 1329 851 1428 majus
865 1343 922 1400 at-

114 1463 185 1540 que
215 1439 346 1514 arctius
373 1440 540 1516 amicitiae
567 1440 698 1544 pignus
727 1443 822 1516 inter
850 1441 922 1516 duo
954 1452 958 1460 ’

111 1581 221 1658 regna
240 1555 463 1633 coalesceret.
483 1553 575 1661 Quae
589 1559 652 1632 ubi
669 1559 805 1658 accepit
821 1561 926 1634 Hec-'

113 1667 171 1748 tor
183 1675 429 1752 recordatione
446 1674 595 1752 fraterni
608 1676 775 1753 facinoris
791 1676 926 1754 tristior

113 1791 358 1894 aliquantum,
377 1793 588 1896 suffusisque
605 1821 689 1869 cum
702 1821 858 1873 moerore
873 1793 926 1870 la-

9 1953 11 1962 *
115 1911 270 2013 erymis,
285 1911 468 1988 ‘Helenam
482 1927 603 1988 tamen
618 1913 843 2013 prodendam
855 1913 927 2014 mi·

115 2026 214 2134 nime
229 2029 397 2125 rebatur,
414 2029 548 2133 quippe
561 2032 759 2131 supplicem
773 2033 903 2107 domds
910 2086 925 2126 ‚

115 2161 152 2222 et
167 2145 216 2221 ob
236 2144 276 2224 id
291 2145 361 2227 fide
380 2148 588 2249 interposita
599 2149 772 2232 tuendam
788 2180 795 2221 :
812 2149 840 2222 si
853 2155 925 2250 qua
956 2197 958 2205 a

115 2281 237 2342 autem
251 2289 335 2342 cum
354 2281 397 2340 ea'
412 2282 533 2362 erepta
546 2267 782 2358 docerentur,
795 2281 923 2340 cuncta

114 2382 344 2460 restituenda.
358 2384 529 2480 Namque
542 2405 609 2478 pro
622 2378 763 2456 Helena
775 2383 928 2456 Cassan-

115 2504 219 2578 dram
235 2553 248 2592 ‚
266 2499 338 2572 sive
353 2495 599 2596 Polyxenam,
617 2520 728 2597 quam
741 2493 864 2604 legatis
877 2497 931 2570 vi·
1038 2576 1041 2580 ,

9 2701 14 2710 ,
116 2620 296 2708 deretur,
325 2625 481 2712 nuptum
507 2637 591 2688 cum
618 2609 799 2713 praeclaris
825 2610 930 2688 donis
1010 2715 1016 2722 ἡ

117 2733 283 2814 Menelao
297 2731 520 2808 tradendam.
588 2752 590 2756 ’
666 2723 668 2728 ’
932 2745 956 2754 ”’

317 2931 522 3002 CAPUT
559 2932 729 3004 XXVI.

168 3089 229 3162 An
240 3082 471 3160 eaMenelaus
480 3082 650 3159 iracunde
658 3097 779 3157 atrox:
794 3113 812 3153 a
823 3085 931 3186 Egre-

9 3291 13 3314 ‚
123 3235 141 3277 >r
161 3203 219 3307 gie
232 3199 374 3275 hercule
390 3217 510 3276 actum
525 3201 628 3276 nobis
642 3215 719 3295 est,
740 3199 769 3272 si
783 3201 931 3302 quidem

124 3353 141 3394 n
163 3319 313 3420 proprio
341 3317 533 3417 spoliatus,
554 3331 779 3394 commutare
801 3314 931 3390 matri-

125 3468 144 3512 »
162 3437 327 3516 monium
345 3461 413 3538 pro
429 3436 575 3514 arbitrio
593 3435 749 3512 hostium
764 3457 931 3511 meorum
