2348 4156
288 405 456 484 nir-nn
497 403 715 459 sncoun.
844 388 910 484 187

261 697 265 704 ,
309 618 516 728 orror
547 619 709 692 nuvr.

146 825 286 909 Nrouu
305 823 421 899 musto
441 842 523 923 post
534 828 691 903 Thraces
704 827 765 902 ubi
789 855 915 927 exper-

100 938 260 1042 gefactio
274 965 422 1036 somno,
431 971 555 1045 regem
565 945 823 1047 interemptum
832 1003 845 1041 ,
854 947 916 1022 foe·

100 1055 184 1129 darn
199 1055 327 1130 faciem
340 1057 434 1132 intra
452 1061 603 1136 tentoria
615 1063 917 1158 animadvertere,

101 1188 138 1249 et
152 1171 300 1274 vestigia
315 1175 460 1250 abducti
477 1203 601 1250 currus
614 1179 801 1256 manifesta
814 1197 915 1270 sunt3
974 1241 983 1256 ,

101 1292 235 1391 raptim
251 1317 292 1365 ac
307 1291 383 1366 sine
403 1291 482 1368 ullis
500 1293 685 1368 ordinibus
693 1323 712 1388 ,‘
724 1313 765 1370 ut
784 1325 918 1398 quem-

102 1437 173 1512 que
187 1436 263 1483 sors
277 1409 572 1516 conglobaverat,
585 1411 632 1486 ad
644 1438 750 1488 naves
763 1413 915 1488 evolant.

102 1527 242 1628 Quib'us
259 1527 386 1626 procul
405 1527 507 1626 visis,
527 1528 641 1604 nostri
654 1528 808 1604 conferti
826 1529 919 1604 inter
965 1524 970 1534 Χ

103 1671 157 1739 se,
171 1661 279 1745 atque
289 1643 651 1744 imperia'seruantes‚
661 1661 748 1720 eunt
761 1646 917 1722 obviam.

4 1797 10 1804 ·
103 1761 173 1837 Sed
193 1761 322 1862 Ajaces
344 1761 416 1836 duo
438 1760 477 1834 in
496 1761 719 1862 aliquantum
740 1761 815 1836 acie
832 1787 923 1860 pro-1

103 1879 236 1982 gressi,
254 1880 391 1980 primos
414 1881 597 1958 Thracum
616 1880 789 1958 invadunt
813 1895 922 1980 atque

103 1997 326 2097 opprimunt.
336 1999 431 2078 Dein
440 1998 572 2101 reliqui
581 2000 757 2093 duces,ut
769 1997 923 2100 quisque
1050 1987 1057 1996 ’

104 2115 226 2192 locum
253 2135 414 2216 ceperat,
439 2120 573 2194 caedere
593 2117 775 2220 singulos:
806 2132 843 2189 et
859 2111 923 2188 ubi

106 2233 259 2309 conferti
275 2250 467 2329 steterant,
486 2234 562 2309 bini
579 2249 642 2306 aut
657 2231 810 2329 amplius
834 2255 924 2303 con-

107 2351 264 2454 gregati,
283 2352 422 2448 impetn
446 2379 510 2427 suo
536 2349 728 2430 dissolvere
750 2379 759 2420 t
780 2376 821 2423 ac
838 2372 926 2420 mox

106 2470 285 2567 dispersos
299 2467 527 2568 palantesque
541 2467 762 2558 interficere,
780 2487 926 2561 prorsus

108 2587 162 2662 uti
179 2581 299 2656 nullus
316 2579 473 2678 reliquus
489 2585 591 2656 caedis
607 2585 719 2660 fieret.
735 2583 792 2656 Ac
806 2577 926 2652 statim

109 2699 213 2802 Graji
223 2756 234 2794 ,
246 2695 427 2772 exstinctis
440 2696 501 2794 qui
516 2699 702 2772 adversum
713 2700 845 2790 ierant,
854 2695 928 2797 sig-

111 2849 160 2896 no
189 2819 275 2893 dato
295 2817 341 2889 ad
372 2811 674 2902 tentoria'eorum
693 2827 861 2912 pergunt.
880 2817 930 2888 At

112 2937 161 3013 illi
178 2937 241 3040 qui
257 2933 421 3011 custodes
436 2923 686 3006 castris'relicti
699 2927 766 3002 soli
782 2955 932 3028 supere-

113 3072 215 3149 rant,
237 3053 320 3132 visis
340 3068 465 3128 contra
484 3047 669 3142 hostibus,
696 3064 833 3124 tenore
853 3049 930 3148 ipso

117 3167 797 3262 miserandruninmodumeffeminati,
810 3166 933 3242 omni-

115 3293 184 3382 hus
208 3289 346 3366 amissis
365 3291 412 3364 ad
436 3288 568 3366 moenia
588 3286 815 3390 confugiunt.
835 3283 937 3374 Tum

117 3410 275 3512 undique
297 3435 425 3490 ¹tersus
448 3405 562 3484 nostri
589 3405 797 3502 irruentes,
820 3423 940 3494 arma,
