2314 4144
286 375 440 437 nitra
475 370 688 435 sreonn:
828 376 894 456 127

85 521 103 566 r
123 485 375 590 elaboratum,
396 496 449 570 uti
467 496 559 570 facta
578 511 747 599 gestaque
767 519 896 570 eorum

5 626 6 652 ¹
88 648 106 690 n
124 619 198 694 laus
214 620 336 719 potius
355 646 466 721 quam
487 617 592 718 culpa
609 635 830 720 sequeretur.
849 620 896 694 Et

86 774 105 812 n
121 759 162 816 ut
175 760 258 819 ante
271 742 432 820 consulta
445 743 634 838 omittam,
647 744 717 818 hoc
727 745 802 844 jam
812 742 896 816 licet

4 912 5 941 t
84 897 103 937 n
122 895 161 944 re
178 895 395 971 cognoscere
411 868 574 970 :injuriis
597 867 894 971 contumeliisque

84 1024 103 1066 »
118 991 318 1068 'Alexandri
327 994 435 1094 paulo
451 1009 533 1072 ante
545 995 629 1070 laesi
641 993 781 1073 Graecil
788 1049 802 1089 ,
819 1019 894 1068 non

83 1152 101 1194 n
122 1123 168 1196 ad
185 1123 260 1199 vim
282 1151 400 1224 neque
422 1124 468 1198 ad
485 1150 585 1198 arma
606 1122 798 1198 decursum
815 1135 894 1214 est,

84 1248 224 1348 »quod
254 1245 449 1322 iracundias
473 1245 656 1348 refugium
684 1273 759 1322 esse
790 1245 891 1322 solet.

84 1373 222 1448 »Nam
245 1371 289 1448 de
318 1369 457 1448 consilii
482 1369 685 1465 sententia,
711 1370 820 1473 legati
848 1369 896 1446 ad

86 1523 104 1564 n
122 1494 366 1595 recipiendam
381 1494 562 1572 Helenam
576 1504 598 1590 ,'
609 1511 650 1570 ut
659 1493 896 1591 meministis,

2 1648 4 1682 τ
84 1649 101 1691 i
121 1631 206 1695 cum
220 1620 389 1698 Menelao
409 1620 597 1698 venimus:
614 1616 744 1724 quibus
758 1635 894 1720 proetcr

84 1744 293 1844 »superbas
317 1743 513 1821 verborum
543 1745 658 1820 minas
686 1761 722 1822 et
752 1740 896 1849 insidias

82 1892 101 1942 n
119 1865 275 1946 occultas
291 1926 304 1964 ,
318 1868 407 1944 nihil
424 1897 445 1944 a
463 1870 608 1948 Priamo
624 1897 742 1975 neque
756 1865 801 1948 ab
816 1865 896 1974 ej'us

82 2013 100 2068 n
119 1995 253 2102 regulis
268 1995 461 2074 remissum
477 2012 541 2075 est.
555 1998 772 2102 imperfecti
783 1995 895 2104 igitur

81 2157 99 2198 n
121 2153 185 2221 re,
211 2141 252 2200 ut
278 2124 429 2228 opinor,
452 2151 673 2234 consequens
696 2124 767 2204 suit
793 2147 898 2208 arma

81 2277 99 2319 u
120 2273 270 2346 capere,
299 2248 427 2350 jusque
454 2275 522 2346 per
552 2249 628 2324 vim
654 2264 895 2348 extorquere,

83 2397 101 2437 n
120 2366 220 2468 quod
242 2364 358 2442 amice
389 2365 585 2462 impetrare
610 2365 800 2465 nequitum
826 2380 892 2439 est.

82 2487 245 2586 ultaque
270 2493 399 2578 parato
424 2478 605 2572 exercitu,
634 2506 676 2552 ec
705 2494 761 2552 tot
788 2501 896 2582 egre-

86 2597 188 2705 i'gii's
224 2613 335 2700 atque
366 2594 509 2698 inclytis
545 2595 726 2692 ducibus,
760 2621 808 2674 ne
843 2597 896 2678 sic

82 2717 269 2820 »quidem
299 2713 468 2812 proelium
494 2713 683 2810 adversum
713 2739 778 2791 vos
803 2711 896 2793 inire

82 2833 310 2911 »consilium
334 2831 433 2906 fuit:
460 2831 523 2906 sed
554 2831 685 2906 imitati
709 2856 853 2910 morem
877 2888 892 2930 ,

82 2969 101 3024 n
118 2950 407 3052 modestiamque
432 2948 595 3044 solitam,
618 2949 747 3024 iterato
764 2951 810 3027 ad
828 2976 893 3029 vos

83 3101 101 3143 n
119 3071 168 3146 ob
190 3070 356 3144 eamdem
376 3095 518 3144 causam
544 3083 688 3143 oratum
712 3069 888 3146 venimus.

83 3191 254 3264 »Caetera
266 3185 305 3260 in
324 3213 435 3261 manu
452 3201 572 3263 vestra
593 3186 659 3263 sita
670 3201 774 3284 sunt,
793 3191 893 3263 Tro-

82 3303 191 3406 »jani
217 3330 367 3404 :neque
404 3293 470 3378 nos
501 3305 638 3408 pigebit
673 3303 890 3381 consensisse

79 3421 241 3517 ivonis,
262 3421 292 3496 si
311 3421 423 3498 modo
446 3448 529 3500 sana
542 3437 720 3524 mensest
740 3421 891 3497 decretis
