2360 4142
216 355 292 464 5:⁶⁶⁸
389 369 578 442 ‚suisne
606 381 660 428 uu
688 376 843 426 rnorr.

219 503 359 564 aetatem
380 492 457 592 ejus
477 492 675 594 admodum
687 485 945 580 immaturam?
966 481 1031 584 qui

219 603 255 676 in
267 603 396 702 primis'
405 609 570 708 pueritiae
583 609 703 704 annis,
721 611 805 686 cum
816 598 1033 683 verecundia

220 747 263 795 ³⁶
282 725 481 820 probitate,
501 744 581 802 tum
606 727 788 826 praecipue
808 725 928 798 sonna
952 743 1035 793 cor-

218 838 317 936 poris
325 843 497 938 amabilis,
507 861 614 946 atque
625 859 790 944 acceptus
799 833 1036 941 poprdaribus

220 955 452 1034 adolescebat.

433 1237 687 1333 ..curor
719 1236 766 1308 x.

219 1427 228 1462 ’-
270 1423 377 1501 Dem'
390 1423 572 1501 transactis
587 1425 708 1524 paucis
729 1422 853 1498 diebus
871 1419 1033 1504 solemne

221 1543 434 1650 Thymbraei
451 1543 627 1642 Apollinis
650 1541 812 1634 incessit,
831 1555 867 1614 et
890 1537 1033 1639 requies

219 1661 374 1738 bellandi
399 1689 466 1762 per
492 1661 653 1736 inducias
680 1658 887 1758 interposita
917 1686 925 1728 :
948 1670 1031 1728 tum

219 1779 374 1880 utroque
383 1777 538 1854 exercitu
547 1779 718 1853 seerilicio
731 1777 925 1866 insistente,
935 1772 1040 1881 Pria-⁷

137 1986 140 1992 Ι
217 1919 300 1966 mers
313 1912 454 1992 tempus
471 1911 613 1986 nactus,
635 1897 772 1968 ldaeum
792 1893 836 1964 sd
848 1887 1032 1963 Achillem

215 2033 325 2104 super
335 2009 514 2108 Polyxena
527 2033 610 2079 cum
625 2007 803 2080 mandetis
815 2005 938 2078 mittit.
958 2007 1031 2081 Sed

214 2123 279 2196 uhi
291 2123 445 2198 Achilles
463 2122 501 2196 in
512 2121 593 2196 luco
614 2151 654 2197 ea
676 2149 758 2224 quae
772 2122 908 2223 perlata
926 2137 1030 2197 erant

121 2330 123 2336 7
215 2253 297 2313 lum
316 2239 361 2312 ab
377 2240 497 2334 ldaeo,
519 2238 708 2337 separatim
734 2241 779 2312 ab
804 2238 880 2312 aliis
903 2262 1029 2341 recog·

218 2355 354 2449 noscit,
374 2353 517 2458 cognita
540 2354 578 2430 re
598 2355 695 2456 apud
718 2381 850 2449 naves,
874 2356 1028 2454 suspicio

219 2473 360 2549 alienati
388 2474 507 2568 ducis,
532 2471 572 2549 ¹et
591 2473 636 2548 ad
656 2490 882 2574 postremum
906 2472 1029 2576 indig-

219 2591 317 2665 natio
342 2609 475 2666 exorta.
502 2591 676 2694 Namque
704 2607 806 2666 antea
840 2616 1028 2690 rumorem

219 2705 438 2805 proditionis
459 2724 580 2781 ortum
611 2709 806 2784 clementer
834 2735 899 2808 per
927 2733 1030 2782 exer-

219 2823 330 2898 citum
345 2823 519 2902 invemm
532 2834 723 2902 traxerant.
738 2825 798 2901 Oh
808 2849 909 2925 quae,
921 2819 1029 2896 simul

218 2941 272 3019 uti
297 2942 500 3017 concitatus.
514 2943 639 3017 militis
664 2945 803 3020 animus
830 2941 1028 3036 leniretur,

209 3059 313 3159 ‘Ajax
332 3083 416 3132 cum
429 3058 607 3132 Diomede
629 3075 665 3132 et
686 3057 816 3157 Ulysse
834 3056 881 3131 ad
901 3057 1027 3133 lucum

217 3159 385 3276 pergunt.
402 3171 526 3274 Hique
540 3188 622 3246 ente
638 3173 817 3272 templum
829 3176 1026 3270 resistunt,

218 3290 465 3385 opperientes,
493 3289 521 3364 si
547 3290 800 3393 egrederetur,
821 3292 1027 3388 Achillem,

97 3470 101 3476 .
210 3401 395 3504 simulque
406 3407 458 3486 uti
468 3431 545 3486 rem
556 3424 693 3510 gestam
704 3409 826 3512 juveni
837 3409 1025 3506 referrent,
