2314 4144
296 305 347 412 95
485 329 656 380 suarna
683 329 738 377 na
765 285 920 378 neore.a

292 442 444 518 Interim
455 440 494 514 in
507 467 550 514 eo
564 440 638 515 otio
647 439 726 540 'regi
738 438 992 544 Agamemnoni
1006 438 1077 512 cur'o

300 557 465 634 Menelao
498 559 608 634 fratre
635 567 799 634 exercere
828 555 1005 632 discordias
1028 581 1082 629 va-

295 703 406 756 cuum
426 676 522 769 fuit,
542 677 591 752 ob
611 673 794 774 proditam
813 673 1031 775 Iphigeniam.
1052 675 1082 743 Is

296 805 454 894 namque
483 800 640 888 auctor,
665 809 703 870 et
735 792 846 870 veluti
870 817 967 868 causa
987 789 1087 866 luctus

294 912 377 1015 ejus
391 910 611 989 credebatur.
929 917 932 924 ’

377 1281 411 1404 J
510 1313 716 1384 carun
752 1285 889 1383 'vrri

346 1491 425 1562 Pan
441 1486 539 1560 idem
553 1489 715 1582 tempus,
728 1482 791 1558 ubi
807 1483 852 1558 de
865 1479 1100 1583 conjuratione

296 1604 470 1684 :universa
489 1599 632 1676 Graeciae
657 1599 752 1696 apud
772 1600 923 1698 Trojam
938 1615 1102 1695 comper-

294 1739 379 1802 tum
395 1736 472 1812 est,
497 1715 700 1791 auctoribus
721 1715 843 1790 nuncii
868 1716 943 1814 ejus
968 1715 1103 1815 Scythis

295 1837 476 1930 barbaris,
485 1835 547 1934 q-ui
561 1833 744 1910 mercandi
755 1833 868 1932 gretia
880 1858 946 1929 per
957 1858 1107 1906 omnem

299 1953 575 2050 Hellespontum
586 1962 814 2044 ,commutare
828 1971 885 2020 res
902 1974 987 2022 cum
1005 1975 1107 2026 acco-

296 2073 340 2150 lis
351 2069 440 2144 sueti
445 2067 562 2163 ‚ultro
572 2066 734 2172 citroque
745 2064 980 2166 vagabantur,
991 2082 1106 2140 metus

110 2213 115 2223 ‘
140 2279 147 2286 p
298 2206 407 2292 atque
426 2211 561 2260 moeror
580 2171 764 2260 universos
781 2182 940 2258 invasere
958 2212 970 2273 3
994 2212 1106 2284 quum

203 2375 205 2379 ,
297 2305 429 2409 singuli
436 2302 588 2404 ‚quihus
598 2299 754 2376 ahinitio
763 2299 959 2376 Alexandri
971 2300 1106 2382 facium

292 2423 549 2524 displicuerat,
569 2419 664 2494 male
685 2434 805 2496 actum
823 2419 994 2496 adversus
1008 2420 1106 2494 Grae

252 2563 256 2570 '
295 2546 420 2636 ciam,
445 2555 481 2616 et
501 2539 553 2613 ob
580 2537 621 2612 id
644 2549 844 2637 paucorum
869 2535 1052 2634 pravitate
1081 2537 1106 2610 ir

296 2682 532 2736 communem
557 2652 753 2752 perniciem
776 2652 1048 2752 praecipitatum
1076 2653 1106 2726 ir

296 2785 521 2850 testarentur.
535 2773 633 2844 Inter
645 2793 724 2878 quae
736 2785 812 2844 tam
826 2769 977 2856 sollicita
987 2826 1001 2865 ,
1010 2797 1106 2873 mag

296 2893 344 2968 nl
362 2891 447 2968 cura
463 2885 610 2988 plurimi
622 2887 780 2962 exomni
794 2885 920 2962 ordine
941 2886 1037 2962 lecti
1046 2895 1061 2981 ,'
1080 2917 1106 2960 ar

298 3007 539 3086 contrahenda
549 3031 594 3078 ex
607 3001 767 3077 finitimis
784 3004 1001 3106 regionibus
1019 3011 1105 3078 aux?

295 3127 343 3204 lia
353 3181 365 3219 ,
383 3122 427 3194 ab
444 3117 648 3193 Alexandro
658 3173 672 3212 ‚
684 3117 831 3220 aliisque
844 3121 1023 3220 pessimis
1043 3151 1105 3198 cor

296 3237 489 3320 cultoribus
501 3234 731 3310 dimittrmtm
741 3266 748 3307 :
759 3237 884 3338 hisque
898 3240 1105 3314 mandatu

298 3362 352 3438 nti
377 3353 647 3462 quamprimum
676 3355 842 3456 expedito
867 3357 1038 3458 negotio
1077 3387 1105 3434 n
