2314 4144
244 289 419 342 trvnn
457 289 705 344 naaman.
835 263 882 338 65

18 422 19 487 t

18 511 20 578 t
252 535 478 618 ,canor
509 539 690 608 xx111.

115 742 185 816 ΛΤ
192 740 261 816 ubi
275 741 384 817 duces
393 744 550 817 sedatam
557 743 631 822 vim
640 743 725 818 mali
733 743 891 819 animad-

71 875 249 953 vertunt,
278 876 542 962 ventorumque
567 864 670 938 ssatus
701 859 891 964 navigandi

74 1003 295 1077 prosperos,
316 995 424 1084 atque
445 977 599 1056 aestiram
616 981 725 1055 maris
739 981 891 1072 faciem,

76 1120 211 1167 omnes
222 1094 292 1168 laeti
305 1089 621 1196 Agamemnonem
628 1099 760 1173 adeunt
768 1153 780 1189 ,
794 1122 892 1170 eum·

17 1267 21 1312 ,
78 1238 153 1310 que
177 1210 325 1286 interitu
349 1211 427 1285 filiae
449 1231 680 1311 permoestuna
696 1211 893 1305 consolati,

81 1329 222 1403 honore
247 1329 352 1432 regni
375 1356 495 1403 rursus
518 1330 776 1404 concelebrant.
807 1332 896 1428 Quae

16 1470 18 1594 ι
81 1475 141 1521 res
156 1463 325 1548 pergrata
339 1463 446 1548 atque
469 1463 612 1544 accepta
625 1475 690 1545 per
702 1445 897 1521 exercitum

16 1595 17 1600 ¹
83 1565 164 1639 fuit.
189 1568 285 1640 Eum
302 1565 437 1664 quippe
456 1563 636 1663 optimum
657 1563 899 1638 consultorem
936 1610 943 1620 ·

84 1683 163 1777 sui,
177 1709 252 1757 non
265 1709 366 1758 secus
379 1710 488 1783 qnam
502 1699 689 1780 parentem
704 1679 806 1756 miles
818 1705 900 1753 om·
963 1695 965 1702 '

82 1801 139 1876 nis
161 1801 384 1901 percolebat.
401 1801 470 1894 Sed
482 1803 736 1903 Agamemnon
748 1799 820 1876 sive
834 1823 900 1875 eo-

84 1947 193 2013 rum,
207 1947 288 2021 quae
301 1919 637 2018 praecesserantsatis
649 1921 825 2020 prudens,
837 1943 900 1991 seu

85 2041 333 2112 humanarum
361 2034 482 2112 rerum
507 2038 752 2114 necessitatem
778 2035 900 2108 animo

85 2174 281 2256 reputans,
295 2173 331 2232 et
348 2157 395 2230 ob
409 2156 446 2230 id
458 2158 623 2234 adversus
635 2153 830 2230 infortunia
839 2153 903 2224 fir-'-

87 2274 298 2367 missimus,
311 2272 529 2348 dissimulato
543 2273 642 2374 quod
657 2272 690 2346 ei
703 2269 904 2361 accederat,
991 2273 993 2279 “

92 2392 273 2469 honorem
287 2391 449 2490 suscipit,
458 2407 564 2490 atque
579 2417 622 2464 eo
636 2390 693 2461 die
708 2388 815 2459 duces
826 2411 907 2456 om-

95 2539 160 2585 nes
171 2511 218 2585 ad
231 2537 268 2584 se
281 2511 317 2583 in
328 2506 531 2585 convivium
544 2503 699 2578 deducit.
710 2500 802 2574 Dein
814 2497 909 2571 haud

97 2607 220 2702 multis
247 2643 329 2726 post
351 2625 497 2719 diebus,
526 2619 700 2698 exercitus
725 2616 910 2692 ordinatus

99 2773 166 2845 per
184 2748 314 2841 duces,
337 2770 451 2845 quum
466 2757 714 2840 opportunum
728 2738 803 2837 jam
819 2752 912 2811 tem-

99 2890 167 2964 pus
191 2861 385 2966 navigandi
404 2862 606 2964 ingrueret,
627 2855 785 2931 ascendit
806 2880 912 2931 naves
1016 2859 1018 2864 ’

103 2971 913 3083 repletasmultisrebuspretiosissimis,quaeab

102 3094 730 3202 incolisregionisejusofferebantur.
739 3094 918 3166 Caeterum

102 3219 287 3294 fnnnenta
300 3273 314 3310 ‚
330 3213 478 3307 vinum,
491 3211 628 3312 aliaque
641 3206 712 3284 eibi
724 3203 918 3280 necessaria

102 3338 214 3418 Anius
229 3351 269 3416 et
289 3332 371 3433 ejus
385 3329 462 3406 filiae
475 3328 658 3431 praebuere
668 3379 683 3425 ,
704 3349 782 3426 quae
794 3321 921 3402 OEno⁴¹
