2260 4152
256 373 304 459 40
433 392 610 448 cunnus
639 392 693 440 nu
720 383 881 441 ruem

254 484 409 604 insignes
431 531 617 580 armorum
637 505 778 604 specie,
803 531 870 582 evo
889 503 1054 580 Hercule.

255 603 339 710 Post
351 647 412 696 eos
424 623 635 726 Protesilaus
646 623 792 722 Iphicli,
809 651 895 698 cum
906 624 1060 698 Podarce

254 738 376 814 fratre.
396 739 510 814 Affuit
528 755 564 818 et
576 739 746 815 Eumelus
758 740 941 832 Pheraeus,
964 740 1063 840 cujus

235 873 357 954 ¹puter
382 841 560 934 Admetus
586 857 771 958 quondam
797 857 925 934 vicarii
940 873 1063 932 ‚morte

256 975 418 1076 conjugis
439 976 511 1050 fata
536 975 903 1075 propriaprotulerat.
923 974 1066 1050 Podali-

257 1091 380 1196 riuset
393 1094 592 1187 Machaon,
613 1093 846 1188 Triccenses,
863 1092 1067 1192 AEseulapio

257 1210 393 1314 geniti,
411 1211 535 1288 adsciti
555 1211 656 1286 adid
674 1211 810 1286 bellum
827 1211 874 1284 ob
887 1209 1068 1284 solertium

257 1327 444 1412 medicinae
466 1329 562 1405 artis.
587 1330 680 1404 Dein
693 1330 841 1420 Paeantis
851 1327 1068 1419 Philoteeta,
1089 1365 1098 1422 χ

259 1445 322 1547 qui
338 1473 460 1524 comes
473 1429 661 1542 Herculis,
689 1464 770 1548 post
784 1447 974 1524 discessum
990 1446 1072 1544 ejus

259 1564 874 1666 addeossagittasdivinasindustriae
881 1562 1074 1662 premium

241 1747 245 1754 .
261 1697 470 1756 consecutus
492 1697 555 1754 est.
573 1681 706 1754 Nireus
721 1680 879 1780 pulcher.
895 1684 947 1756 Ex
958 1679 1077 1752 Athe-

261 1796 316 1871 nis
333 1799 563 1889 Mnestheus,
579 1812 614 1870 et
632 1797 726 1896 Aiax
739 1795 833 1870 Oilei
848 1822 890 1867 ex
902 1793 1074 1868 Locride.

261 1916 314 1986 Ex
331 1914 438 2014 Argis
456 1913 691 2010 Amphilocus
704 1929 740 1987 et
753 1910 956 2002 Sthenelns3
976 1914 1080 1986 Am-

262 2030 398 2128 phiarai
411 2030 646 2128 Amphilocus
655 2087 667 2125 ,
683 2028 840 2129 Capanei
856 2029 944 2102 alter
960 2061 967 2101 :
987 2057 1080 2106 cum

263 2149 317 2220 his
335 2148 517 2250 Euryalus
534 2148 708 2224 Mecistei.
740 2148 834 2223 Dein
870 2175 914 2222 ex
940 2148 1082 2224 AEtolitr

149 2316 153 2322 -
264 2266 705 2369 ThessandrusPolynicis
714 2266 1083 2342 Postremoomnium

264 2386 507 2484 Demophoon
523 2401 630 2486 atque
643 2389 798 2462 Acamas
814 2385 914 2459 fuere
922 2439 935 2478 ,
956 2384 1087 2458 cuncti

267 2531 310 2578 ex
330 2503 468 2606 origine
493 2503 644 2605 Pelopis.
664 2505 735 2584 Sed
748 2530 809 2580 eos
826 2527 916 2605 quos
933 2529 1086 2578 memo-

266 2623 441 2717 ravimus,
453 2623 572 2722 plures
583 2624 641 2697 alii
655 2650 698 2698 ex
710 2623 781 2696 suis
794 2622 944 2721 quisque
957 2622 1088 2724 regio-

267 2741 390 2836 nibus,
407 2741 538 2837 partim
561 2769 605 2815 ex
628 2769 757 2844 regum
779 2739 996 2834 comitibus,
1021 2741 1089 2816 alii

267 2858 376 2957 ipsius
393 2860 494 2962 regni
506 2859 695 2958 participes
706 2855 855 2934 insecuti
865 2873 969 2930 sunt:
985 2886 1091 2958 quo-

269 3005 352 3054 rum
380 2977 526 3052 nomina
549 2977 751 3078 singillatim
780 2999 959 3077 exponere
981 2976 1090 3052 haud

269 3096 506 3179 necessarium
520 3095 635 3176 visum
650 3109 713 3172 est.
