2360 4142
251 306 328 380 316
435 329 609 378 ournnu
637 332 691 378 nr
719 330 870 402 ruore.

247 443 320 541 pit,
331 441 439 514 simul
449 469 533 543 cum
546 441 625 516 luce
636 443 809 516 exereitus
822 439 941 516 omnis
953 438 1055 540 signo

246 567 330 641 dato
358 565 397 640 in
428 564 599 664 proelium
627 565 794 662 ducitur,
819 591 983 666 cumque,
998 557 1056 634 ¹his

241 689 396 795 {trojani
403 747 416 786 ,
430 707 466 766 et
479 691 541 792 qui
551 691 645 766 intra
657 693 788 768 moen'ia
800 691 888 768 socii
900 691 1053 764 fuerant.

239 816 295 900 'At
315 831 439 892 contra
466 816 580 890 Graeci
605 817 772 911 instructi
793 842 862 917 pro
889 809 1056 913 temp0re

242 940 420 1042 opperiri,
443 938 614 1013 debilitati
637 940 860 1040 aliquantum
892 941 1054 1032 animoS,

240 1059 503 1163 metuingmtis
513 1075 618 1160 atque
627 1062 799 1161 incogniti
807 1061 1058 1167 hostis.lgitur

240 1188 303 1264 uhi
312 1188 405 1258 intra
415 1184 476 1263 teli
486 1186 623 1285 jactum
633 1202 782 1262 ventum
792 1204 954 1282 est,tum
966 1216 1053 1266 vero

114 1299 116 1304 ¹
237 1311 389 1388 Barbari
402 1309 558 1388 elamore
572 1311 931 1416 ingentiacdissono‚
944 1314 1053 1390 ruiuae

143 1479 147 1486 «
173 1423 181 1432 ’
238 1439 278 1517 in
294 1437 447 1514 modum
462 1437 670 1536 irrumpunt
694 1469 701 1509 :
724 1439 838 1514 nostri
851 1438 1065 1516 confirmati.

238 1563 334 1644 inter
349 1596 407 1663 se,
426 1569 508 1642 satis
526 1569 684 1670 impigre
703 1568 777 1645 vim
799 1569 955 1642 hostium
973 1595 1053 1644 sus-

240 1710 435 1774 tentavero.
455 1695 525 1770 Sed
548 1709 739 1794 postquam
765 1694 857 1769 acies
878 1699 1052 1772 renovatio

240 1834 348 1919 atque
363 1820 400 1891 in
412 1814 578 1890 ordinem
596 1819 798 1893 reformatae
815 1839 913 1914 sunt,
931 1839 965 1894 et
982 1824 1053 1921 jaci

240 1941 527 2038 hincatqueinde
537 1936 605 2014 t'ela
618 1969 773 2036 coepere,
783 1944 915 2016 eadunt
923 1945 1053 2020 utrius-

240 2093 314 2168 que
334 2061 507 2137 exercitus
530 2059 680 2157 plurimi
697 2091 705 2132 :
724 2065 856 2166 Neque
886 2067 967 2144 finis
989 2073 1030 2148 fit
1037 2132 1050 2168 ,

164 2221 185 2238 ·-
237 2188 358 2291 quoad
381 2187 559 2266 Memnon
582 2209 689 2262 curru
716 2202 858 2282 vectus,
889 2193 1051 2272 adhibito
1170 2251 1171 2284 2

237 2340 359 2392 secum
369 2307 566 2386 fortissimo
580 2334 745 2417 quoque,
758 2313 898 2402 medios
910 2320 1050 2399 Graeco·

236 2461 322 2511 rum
341 2433 495 2530 invadit,
510 2434 670 2534 primum
693 2461 874 2544 quemque
900 2445 1049 2526 obvium
1170 2451 1171 2530 Ῑ

236 2564 412 2656 fundens,
425 2551 489 2641 'aut
503 2560 700 2636 debilitans.
722 2565 774 2639 lta
791 2563 866 2664 jam
885 2568 1050 2666 plurimis

188 2789 192 2794 μ
238 2663 444 2767 nostrorum
459 2685 673 2780 interfectis,
687 2687 794 2767 duces
802 2748 815 2785 ,
828 2693 891 2768 ubi
902 2694 1048 2794 fortuna

233 2805 321 2884 belli
332 2835 451 2906 versu„
462 2834 580 2912 neque
593 2836 672 2909 spes
684 2811 819 2916 reliqua
830 2817 901 2914 ,nisi
912 2819 950 2896 iu
960 2823 1048 2930 fuga
1080 2905 1082 2910 ,

228 2953 307 3033 est,
323 2936 510 3026 uictoriam
526 2963 741 3015 concessere.
756 2942 810 3014 Eo
822 2941 880 3018 die
895 2945 1049 3031 incensa

232 3087 341 3147 naves
370 3061 564 3162 deletaeque
587 3088 713 3135 omnes
739 3062 1048 3163 forent‚'ni‚n01

201 3207 204 3212 ·
234 3184 443 3288 perfugium
458 3182 696 3262 laborantium
707 3165 1047 3291 ingruenteshostes

234 3312 281 3386 ab
298 3313 454 3413 incoepto
480 3307 720 3390 cohibuisset:
739 3330 835 3396 tante
858 3322 896 3402 in
918 3329 1046 3412 Mem.
