2314 4144
218 231 291 315 '108
412 265 585 316 surana
612 265 667 315 ne
694 249 849 316 ruore?

218 378 385 458 omnium
406 369 568 478 primam
584 380 698 482 Cycni
714 378 902 511 regionem
924 363 1030 452 inre-¹

216 497 331 590 dunt,
347 514 556 598 vastantque
573 497 710 574 circum
726 496 859 571 omnia.
879 496 949 570 Sed
965 493 1031 568 ubi

217 607 505 693 Mentorensium
525 603 727 709 civitatem,
753 644 832 715 quae
846 611 1021 715 regni
967 639 1031 686 ca-

214 750 301 832 put,
318 734 551 835 filiorumque
574 733 689 836 Cycni
710 732 829 806 nutrix
842 757 1032 806 memora-

216 845 345 944 batur',
367 855 465 927 nullo
491 845 681 926 'resistente
706 852 892 944 invasere,
918 865 1029 949 atque
1074 893 1077 897 ·

214 969 338 1074 ignem
353 971 526 1070 subjicere
539 997 711 1068 caepere,
731 970 825 1046 cives
838 970 914 1068 ejus
929 965 1028 1040 mul

216 1090 262 1172 tis
275 1091 439 1188 precibus
450 1091 687 1208 lacrymisque
702 1115 828 1182 orare,
846 1086 898 1160 uti
910 1083 977 1158 ab
967 1111 1029 1156 m-

217 1225 338 1308 coepto
364 1203 600 1300 desisterent;
631 1237 698 1307 per
721 1235 843 1282 omma
869 1207 1029 1277 humana

216 1343 324 1430 atque
334 1327 500 1438 divina
467 1321 701 1430 nungenibus
715 1327 965 1423 deprecantes,
979 1347 1028 1396 ue

214 1441 324 1522 delict
310 1462 345 1520 a
359 1473 504 1544 pesstmr
494 1447 615 1520 ducis
627 1445 806 1520 civitatem
822 1433 1026 1534 innoxiam,

215 1582 254 1640 et
270 1565 377 1663 paulo
392 1581 473 1662 post
487 1565 596 1636 fidam
612 1561 678 1636 sibi
692 1563 791 1634 luere
803 1573 1025 1658 paterentur.

217 1685 304 1759 Hoc
319 1683 431 1756 modo
444 1709 511 1779 per
526 1678 795 1754 miserationem
818 1669 955 1754 seriata
974 1667 1033 1753 ci-'

195 1791 316 1874 'vitas
339 1793 517 1870 Caeterum
542 1795 660 1896 regios
687 1821 818 1892 pueros
845 1794 963 1870 Cobin
992 1808 1030 1869 et

215 1913 433 2003 Corianum,
450 1937 649 2010 eorumque
662 1937 825 1984 sororem
838 1909 1000 1986 Glaucen
1014 1967 1029 2006 ‚

214 2023 462 2128 expetentibus
470 2027 600 2102 Graecis
613 2027 802 2102 tradidere.
813 2031 933 2130 Quam
949 2055 1031 2104 nos·

212 2145 261 2222 tri
283 2149 313 2220 Α
318 2143 409 2248 jaci,⁴
429 2146 476 2218 ob
492 2141 598 2218 fortia
615 2145 708 2218 facta
726 2146 824 2246 ejus,
839 2161 1027 2254 exceptam

214 2264 361 2365 reliquae
393 2261 549 2362 praedae,
579 2263 781 2337 habendam
812 2257 1026 2352 eoncedunt.

216 2385 347 2484 Neque
359 2383 474 2456 multo
484 2398 566 2481 post
578 2385 825 2456 Mentorenses
833 2381 1028 2480 supplices,

216 2518 253 2578 et
266 2528 350 2577 cum
363 2530 450 2601 pace
466 2504 511 2575 ad
528 2503 670 2578 Grecos
683 2500 918 2593 conveniunt,
932 2500 1030 2574 ami-

216 2618 360 2711 citiam,
378 2634 414 2692 et
432 2619 553 2692 omnia
572 2648 649 2720 quae
663 2619 894 2717 imperassent
907 2619 1028 2696 factu-

213 2761 273 2810 ros
283 2734 442 2832 poll1t1t1
452 2735 563 2835 Quers
574 2763 640 2834 per
643 2737 761 2830 fectis,
774 2736 887 2812 Graecl
896 2737 1026 2814 Cillam

212 2851 370 2954 aggressi
385 2879 646 2967 erpugnavere
666 2842 796 2952 Neque
816 2869 934 2927 tamen
948 2857 1027 2930 Co-

214 2995 327 3044 ronen
338 3023 349 3060 ,
372 2995 451 3068 quae
470 2971 564 3041 haud
578 2969 700 3065 procui
717 2967 860 3064 aberat,
881 2972 1026 3046 eontin-

213 3100 326 3187 gunt,
339 3083 377 3156 in
390 3085 541 3184 gratiam
559 3085 858 3180 Maeandriorum‚
876 3088 937 3188 qui
955 3089 1026 3164 dt>-

211 3194 305 3276 mini
326 3199 474 3275 civitatis
499 3200 596 3298 ejus,
619 3201 739 3278 lideles
756 3219 862 3304 atque
883 3205 1027 3282 amicis-

214 3317 297 3402 simi
312 3318 416 3394 nobis
427 3317 473 3396 ad
486 3319 555 3396 hoc
572 3335 714 3422 tempus
726 3312 1008 3424 permanserant.
