2314 4144
247 355 317 432 216
425 379 605 432 currat
632 379 686 430 ur
705 355 871 429 maora:

240 492 321 566 timi
332 490 457 590 populi
469 491 563 566 uitro
574 491 620 565 ad
633 517 718 567 eum
731 515 915 591 cum-pace
928 483 1060 567 occurs

241 634 320 682 rere
327 637 339 699 3
354 635 395 683 ac
407 623 679 686 nevastarentur
692 609 770 712 agri
776 630 791 704 ,·
797 609 946 684 dimidio
955 610 1057 683 fruc-

241 739 346 798 tuum
364 725 483 824 pacti‚
510 726 596 799 dant
614 725 724 800 fidem
739 725 859 823 pacis,
879 741 988 826 atque
1005 725 1056 800 ab

240 868 285 916 eo
298 841 486 940 accipiunt.
506 840 576 916 His
591 842 698 936 actis,
716 839 872 940 Achilles
888 842 935 914 ad
947 869 1058 916 exer-

241 958 353 1034 citum
379 957 601 1062 regreditur,
625 984 798 1062 magnam
824 958 899 1036 vim
930 959 1062 1061 gloriae

242 1091 351 1178 atque
367 1075 494 1175 praedae
510 1091 715 1176 apportans.
729 1077 869 1157 Eodem
884 1091 1059 1176 tempore

240 1220 304 1268 rex
321 1195 537 1296 Scytharum
558 1194 705 1298 cognito
728 1195 883 1273 adventu
900 1211 1027 1272 nostro
1041 1251 1058 1294 ‚

242 1338 325 1389 cum
338 1312 461 1388 multis
473 1311 577 1388 donis
590 1303 831 1390 adventabat·

467 1501 831 1630 carurxvrr,

275 1761 1058 1844 Caranunhchilleshaudcontentuseorum

243 1909 324 1983 quae
340 1898 517 1981 gesserat,
539 1881 666 1955 Cilicas
687 1879 914 1980 aggreditur3
932 1880 1059 1981 ibique

244 2001 464 2098 Lyrnessum
480 1993 601 2092 paucis
617 1991 741 2066 diebus
754 1994 949 2094 pugnando
964 2051 977 2090 ,
996 2024 1059 2072 ce-

238 2112 308 2210 pit.
331 2111 522 2185 Interfecto
536 2108 618 2182 dein
636 2105 804 2202 Eetione,
818 2108 881 2208 qui
899 2109 952 2184 his
968 2111 1058 2189 locis

244 2226 492 2327 imperitabat,
504 2223 645 2326 magnis
658 2223 786 2324 opibus
799 2254 906 2303 naves
919 2229 1057 2330 replet,

244 2346 421 2422 abducens
439 2347 666 2446 Astynomen
684 2342 815 2446 Chrysi
829 2343 963 2442 filiam,
977 2375 1059 2448 quae

246 2489 290 2538 eo
312 2478 476 2560 tempore
500 2459 579 2565 regi
604 2461 761 2559 denupta
788 2478 875 2536 erat.
899 2465 1058 2563 Propere

245 2580 329 2655 inde
341 2581 517 2656 Pedasum
535 2607 741 2682 expugnare
758 2582 931 2680 occoepit,
948 2584 1058 2658 Lele-

246 2726 335 2800 gum
357 2699 487 2774 urbem
504 2693 592 2772 :sed
616 2725 742 2796 eorum
764 2726 828 2773 rex
851 2699 967 2773 Brises
994 2703 1057 2778 uhi

247 2816 496 2894 animadvertit
508 2817 545 2892 in
553 2818 753 2894 obsidendo
767 2817 886 2894 saevire
894 2835 1056 2915 nostros,

237 2953 345 3016 ‚ratus
364 2936 460 3010 nulla
482 2936 516 3014 vi
533 2935 717 3034 prohiberi
737 2937 879 3032 hostes,
896 2955 958 3012 aut
973 2965 1057 3013 suos

239 3055 329 3151 'satis
336 3053 481 3129 defendi
494 3079 612 3150 posse,
618 3051 866 3148 desperatione
877 3055 1000 3158 effugii
1006 3083 1059 3130 sa-

114 3217 120 3228 ι
249 3166 1058 3272 lutisque,attentiscaeterisadversumhostes‚

241 3289 401 3385 ,domum
413 3310 611 3390 regressus,
625 3284 753 3386 laqueo
767 3285 909 3363 interiit.
925 3291 1057 3392 Neque

237 3406 364 3484 ¹multo
382 3417 461 3506 post
479 3415 581 3500 capta
602 3400 745 3528 οἰνὶῑειεζ
758 3419 864 3502 atque
878 3402 1058 3492 interfecti
