2360 4142
225 323 386 378 aaran
424 301 739 402 Quianam.
823 299 896 406 339

236 467 239 476 ’
304 498 510 568 aanor
547 499 670 568 xrv.

133 669 297 745 Cornua
322 669 420 770 apud
444 665 623 770 Trojanos
646 663 764 744 laetitia
790 678 901 771 atque

86 785 275 888 gratulatio
303 781 440 864 cunotis
465 787 689 881 incesserat,
710 785 902 862 interfecto

88 931 197 1006 quam
213 907 411 982 metuendo
433 907 535 982 hoste
553 907 686 1010 :hique
706 903 906 986 Alexandri·

88 1039 337 1100 commentum
353 1025 538 1100 laudantes
549 1025 596 1094 ad
612 1021 742 1096 coelum
757 1021 879 1098 ferunt
889 1038 926 1118 ,Ἀ

88 1123 218 1216 scilicet
238 1137 511 1242 quum*insidiis
531 1145 672 1212 tantum
688 1137 904 1245 perfecerit,¹

87 1271 262 1360 quantum
274 1283 318 1330 ne
329 1253 366 1328 in
375 1253 571 1330 certamine
580 1256 900 1356 auderetquidem.

87 1377 186 1450 Inter
208 1403 287 1476 quaa
310 1389 385 1448 tam
405 1373 484 1448 laeta
501 1371 653 1450 nuncius
675 1373 821 1448 Priamo
843 1400 904 1448 su·

88 1493 273 1592 pervenit,
287 1493 518 1596 Eurypylum
540 1491 694 1592 Telephi
712 1518 757 1571 ex
774 1493 909 1574 Moesia

87 1611 298 1705 adventare,
319 1639 430 1712 quem
450 1637 514 1686 rex
531 1611 653 1686 multis
677 1626 781 1686 antea
804 1610 906 1688 illeo-

88 1745 169 1804 tum
193 1727 377 1828 praemiis,
394 1729 441 1804 ad
469 1745 698 1830 postremum
721 1727 909 1808 oblatione

90 1847 273 1946 desponsae
290 1847 494 1922 Cassandrae
513 1847 800 1924 confirmaverat.
835 1845 907 1924 Sed

83 1965 184 2042 uter
199 1979 324 2040 caetera
340 1993 419 2066 quae
436 1965 470 2040 ei
481 1965 723 2065 pulcherrima
736 1964 906 2059 miserat,

88 2082 274 2160 addiderat
292 2081 401 2157 etiam
414 2084 526 2160 vitem
540 2084 737 2184 quamdam
746 2108 836 2155 auro
849 2081 908 2157 ef-⁴

88 2201 241 2292 sectam,
256 2215 293 2274 et
312 2202 361 2271 ob
380 2201 418 2270 id
430 2225 497 2292 per
516 2195 672 2292 populos
687 2194 909 2270 memorabi-

89 2319 176 2394 lem.
191 2317 372 2391 Caeterum
392 2308 600 2412 Eurypylus
627 2307 761 2383 virtute
785 2310 909 2388 multis

89 2437 232 2529 clarus,
260 2427 435 2507 Moesiacis
463 2427 576 2503 modo
599 2425 809 2531 caeterisque
836 2428 915 2504 insa

91 2569 229 2630 tructus
249 2545 469 2652 legionibus5
490 2572 634 2621 summa
652 2544 750 2620 fama
768 2543 910 2621 laetitia·

94 2697 195 2772 quea
207 2663 375 2768 Troianis
387 2681 576 2765 exceptus,
588 2691 669 2768 spes
685 2691 813 2745 omnes
824 2669 911 2770 Βαι·

87 2785 192 2867 ,baris
199 2786 239 2862 in
246 2783 375 2864 melius
387 2799 627 2862 converterat.

309 3087 311 3098 ·
351 3046 544 3119 CAPUT
575 3047 662 3118 XV.

147 3287 318 3360 lurtum
330 3277 450 3356 Graeci
468 3303 546 3354 ossa
558 3277 705 3354 Achillis
722 3302 811 3352 urna
832 3299 915 3356 coru
1011 3286 1014 3292 ’

100 3401 194 3502 dita,
221 3399 460 3502 adjunctaque
486 3397 595 3476 simul
614 3395 794 3492 Patrocli,
818 3396 921 3482 insi.
