2314 4144
21 613 23 640 t

21 643 24 666 ι
84 599 194 676 midis
206 597 466 694 festinabatur,
485 599 540 672 uti
558 625 712 699 propere
726 593 900 675 instructo

21 1187 24 1248 t

197 359 706 422 Xr1vaesttoottn.‘
776 423 778 428 Α
849 373 899 448 99

82 497 249 560 mearent
266 511 276 554 ε
293 481 392 583 quod
405 507 446 556 ea
460 478 573 584 gratia
590 481 747 558 maxime
764 509 785 556 a
801 485 900 558 Pria-
944 527 946 540 ι

86 717 268 813 exercitus,
290 731 435 815 tempus
454 715 688 814 profectionis
710 731 903 816 antecape-

87 850 169 908 rent
175 851 304 936 ,atque
312 859 424 908 omne
437 833 537 938 quod
549 833 742 933 parabatur
752 833 903 932 bellum,

87 953 126 1028 in
146 954 313 1060 regiones
331 951 477 1029 Graeciae
493 965 803 1054 transportaretur.
875 1021 879 1032 .

336 1094 499 1205 caeti
508 1133 542 1204 r
573 1105 600 1204 '1
613 1135 660 1204 x.
792 1133 796 1140 ’

128 1290 232 1364 'Duru
246 1284 322 1362 haec
334 1283 429 1384 apud
442 1285 595 1384 Trojam
616 1301 810 1387 geruntur,
823 1287 908 1362 Dio-

93 1408 217 1482 medes
226 1403 374 1504 incoepti
386 1429 514 1479 eorum
531 1403 663 1478 certior
678 1403 793 1478 factus
808 1433 909 1506 mag-

94 1553 139 1600 na
155 1521 335 1601 celeritate
348 1543 577 1623 peromnem
590 1520 765 1596 Graeciam
782 1549 910 1621 perva-
1011 1517 1034 1542 “
1079 1579 1084 1590 .

97 1659 216 1746 gatus,
232 1639 418 1716 universos
435 1639 543 1714 duces
565 1638 732 1715 convenit
754 1671 762 1712 ε
784 1641 910 1742 eisque

21 1833 22 1840 ,
97 1759 286 1836 eonsilium
303 1757 549 1858 Troianorum
569 1755 758 1865 aperiens,
782 1775 911 1836 monet

98 1900 204 1985 atque
212 1883 391 1976 hortatur,
398 1879 452 1953 uti
460 1878 733 1980 quamprimum
745 1880 912 1958 instructi

97 2002 203 2077 rebus
225 1999 322 2075 bello
340 1997 570 2092 messarim,
595 1999 641 2073 ad
659 1999 910 2103 navigandum
952 1993 955 1998 ⁵

21 2141 23 2150 ’
96 2117 316 2195 festinarent.
325 2117 459 2216 Neque‘
467 2115 584 2191 multo
592 2132 673 2215 post
679 2145 741 2210 ‚re
750 2120 913 2221 cognita,

97 2241 215 2340 Argos
228 2235 275 2312 ab
291 2233 461 2310 omnibus
473 2235 695 2312 convenitur.
715 2235 770 2308 lbi
787 2237 914 2311 Achil-

96 2356 147 2432 les
165 2353 242 2458 regi
258 2352 486 2453 indignatus,
509 2352 609 2454 quod
633 2366 783 2460 propter
800 2353 915 2429 filiam

99 2489 266 2551 renueret
278 2461 544 2573 profectionem
551 2524 564 2561 ,
577 2468 622 2542 ab
634 2469 767 2569 Ulysse
780 2469 819 2540 in
833 2494 916 2571 gra-

100 2592 188 2668 tiam
208 2593 377 2668 reductus
392 2601 459 2664 est.
479 2590 516 2660 Is
528 2611 686 2688 namque
701 2597 914 2686 aurnmoesto
1009 2601 1011 2605 ’

100 2739 141 2788 ac
160 2711 260 2787 luctu
277 2707 398 2784 obsito
416 2703 686 2808 Agamemnoni
702 2701 892 2784 insinuans
897 2728 918 2807 ‚²

21 2883 22 2918 ᾗ
101 2859 178 2934 quae
192 2830 286 2906 circa
299 2827 412 2902 filiam
425 2825 502 2927 ejus
514 2823 711 2901 evenissent
721 2880 734 2920 ,
745 2823 914 2912 animani

98 2967 206 3051 atque
230 2945 518 3049 ornatum'regis
548 2943 770 3020 reformavit.
797 2949 914 3052 Igitur
962 2950 968 2969 ‘

101 3069 236 3147 cunctis
253 3064 509 3174 praesentibus,
532 3089 755 3166 quamquam
773 3092 794 3138 a
814 3067 915 3144 nullo

21 3181 24 3200 ⁵
101 3189 216 3267 officia
243 3183 385 3262 militiae
413 3183 713 3286 negligebantur,
737 3183 917 3282 praecipue

103 3321 222 3384 tamen
235 3307 336 3404 Ajax
347 3299 600 3394 Telamonius,
615 3317 652 3376 et
664 3299 819 3375 Achilles
832 3326 920 3380 cum

101 3424 280 3504 Diomede
310 3443 439 3500 curam
466 3417 665 3496 maximam
686 3415 919 3524 studiumque
