2314 4144
9 329 13 484 q
276 325 448 394 navas
483 326 734 392 saconn,
775 282 782 294 .
831 309 937 383 105·

68 439 153 523 tum
172 441 317 536 refert,
339 458 446 545 atque
463 443 513 530 ita
532 458 640 538 orat,
661 470 707 522 ue
728 441 794 520 sibi
811 468 898 544 praa·

8 611 12 638 t
72 560 220 636 dictum
236 560 463 657 remedium„
483 561 529 640 ab
552 560 676 637 amicis
692 577 895 665 negaretur.
952 557 959 578 ⁴

73 679 169 780 Quae
181 677 250 755 ubi
260 692 430 776 accepere
440 734 455 771 ,f
466 677 622 754 Achilles
635 679 899 756 curnMachao-
983 685 988 696 ‘

76 825 126 872 ne
141 811 179 872 et
192 791 376 873 Podalirio
388 795 596 872 adhibentes
607 823 731 873 curam
747 797 899 892 vulneri,

77 913 186 998 trevi
210 913 325 990 fidem
348 912 483 992 oraculi
505 913 705 1002 firmavere.
720 915 900 992 Caeterum
986 985 993 1000 ,

80 1031 202 1108 Graeci
221 1029 349 1108 multis
365 1029 673 1118 immolationibus
691 1031 778 1112 deos
797 1031 903 1132 adju*

5 1141 8 1228 i
83 1146 569 1250 toresincoeptoinvoccntes
580 1150 807 1240 Aulidaeum
815 1178 902 1251 praa·

85 1267 191 1344 dietis
209 1267 361 1344 navibus
380 1269 539 1346 veniunt.
563 1272 684 1368 Atque
707 1269 791 1348 iude
811 1293 902 1367 pro«

87 1409 177 1486 pere
201 1384 372 1489 navigare
400 1381 678 1484 incipientibus,
702 1386 776 1466 dux
792 1385 903 1464 Tele-

3 1513 4 1532 *
87 1503 242 1602 phusob
255 1519 440 1602 acceptam
457 1504 611 1606 gratiam
629 1506 755 1584 factus.
776 1507 828 1582 lta
845 1527 904 1581 as-

89 1621 203 1696 censis
224 1618 400 1717 navibus,
420 1638 545 1700 ventos
561 1621 678 1720 nacti,
689 1621 812 1724 paucis
828 1621 904 1698 ‹tie-

1 1807 4 1830 ‚
90 1740 157 1816 bns
173 1741 220 1816 ad
236 1740 389 1844 Trojam
405 1768 614 1840 pervenere.

247 1895 544 2020 „otior
580 1944 657 2016 xt.

139 2090 469 2193 Paaidemtempus
479 2094 906 2198 SarpedonLyciusXana

95 2209 145 2288 tbi
163 2225 200 2285 et
216 2207 446 2307 Laodamia,
463 2212 710 2314 frequentibus
727 2201 866 2290 nunciis
884 2217 906 2290 a

95 2328 240 2403 Priamo
260 2327 414 2425 accitus,
431 2321 517 2408 curn
532 2357 665 2432 magna
681 2347 907 2408 amatorum
982 2387 984 2392 .

96 2473 207 2526 manu
236 2445 459 2524 adventabat.
492 2451 526 2524 Is
558 2446 623 2522 ubi
658 2447 912 2524 animadvertit

98 2563 225 2664 procul
240 2589 414 2668 magnam
434 2563 509 2642 vim
539 2563 703 2640 classium
724 2564 911 2640 admotam

100 2680 236 2780 littori,
252 2695 350 2760 ratus
369 2695 411 2758 ut
431 2679 620 2784 negotium
636 2696 737 2778 erat,
754 2707 912 2784 propere

100 2802 356 2897 suos'instruit,
374 2803 589 2901 Graecosque
601 2800 725 2904 egredi
740 2800 911 2903 incipien-
946 2899 951 2906 ι

100 2933 150 2994 tes
162 2919 310 3008 invadit.
330 2919 463 3022 Neque
480 2917 597 3000 mtdto
608 2933 690 3018 post
702 2919 909 3020 Priamide,

100 3035 336 3140 recognita,
368 3037 520 3137 arreptis
549 3036 658 3112 armis
690 3057 909 3116 accurrunt:

98 3181 212 3256 quum
224 3153 372 3230 interim
391 3154 507 3232 Graeci
521 3155 669 3234 infensis
682 3155 862 3252 hostibus,
876 3175 914 3234 et

99 3273 197 3354 omni
225 3270 342 3348 modo
375 3271 613 3371 instantibus,
641 3275 913 3377 neque'egredi
972 3353 975 3370 ,

100 3389 171 3464 sine
183 3387 368 3490 pernicie,
381 3416 499 3492 neque
511 3418 612 3484 arnna
623 3417 750 3492 capere
764 3391 913 3491 turbatis
929 3387 937 3405 *
