2356 4156
254 326 1050 367 uunooumoooooemoumed

328 535 574 648 nisan
611 516 952 652 unumne.

489 881 490 886 Ν
530 815 725 898 nnana
754 817 785 900 1.
872 783 878 792 ’

248 963 436 1106 Inuum
447 1047 511 1125 per
522 1035 638 1103 uotam
654 1022 828 1126 hyemem
845 1024 956 1102 dilato
973 1053 1070 1103 con-

246 1143 440 1226 ditionibus
450 1140 489 1216 in
497 1156 642 1240 tempus
653 1139 769 1238 bello,
784 1143 901 1224 Graeci
912 1161 1070 1240 cuncta,

246 1283 325 1360 qum
336 1257 377 1330 in
388 1257 450 1332 tali
462 1257 537 1336 otio
549 1260 679 1338 militia
692 1263 926 1364 exposcebat,
944 1263 1071 1338 inten-

245 1373 406 1454 tionimo
416 1379 567 1460 summis
580 1380 706 1458 studiis
715 1381 1070 1459 festinabant.Nam-

246 1519 319 1594 que
344 1518 414 1594 pm
435 1497 529 1573 valio
551 1498 749 1576 multitudo
772 1499 939 1577 universa
961 1497 1071 1576 variis

245 1608 401 1686 bellandi
419 1611 610 1716 genenbus
625 1641 692 1717 per
717 1617 826 1694 duces
842 1615 1070 1718 populosque

246 1727 442 1824 immota,
463 1749 499 1806 et
524 1735 573 1811 ob
598 1735 637 1808 id
657 1763 761 1810 more
781 1737 924 1834 optimo
948 1733 1070 1812 divisis

248 1845 294 1919 ad
311 1845 426 1924 officia
442 1874 504 1923 sua
518 1848 739 1953 quibusque,
754 1852 836 1926 hine
845 1847 969 1952 jacubs
988 1853 1071 1926 has-

247 1978 367 2049 tarum
385 1965 461 2046 vice
476 1966 676 2064 fabricatis,
696 1995 814 2072 neque
827 1971 990 2068 pondere
1006 1986 1071 2044 aut

247 2107 417 2172 mensura
435 2085 683 2187 inferioribus,
701 2103 737 2164 et
753 2089 887 2192 quibus
901 2117 979 2166 non
1000 2087 1070 2166 alia

248 2201 354 2296 eraut,
361 2269 374 2307 ‚
388 2205 547 2311 praeustis
559 2207 726 2302 sudibus,
740 2207 837 2283 illinc
847 2207 983 2312 sagittis
993 2235 1074 2284 eer-

248 2343 367 2403 tantes
386 2327 482 2403 inter
496 2353 532 2401 se
549 2325 726 2421 invicem,
743 2325 789 2399 ad
800 2325 957 2401 multum
973 2325 1072 2398 diem

251 2470 418 2520 exercere
438 2474 447 2516 ε
471 2442 529 2517 alii
547 2444 638 2518 saxis
653 2442 857 2518 utebantur.
893 2442 963 2518 Sed
978 2440 1074 2516 inter

252 2560 453 2674 saginarios
493 2560 652 2634 maxime
690 2561 871 2635 anteibant
904 2557 1071 2659 Ulysses,

254 2681 419 2769 [Peucen
433 2674 637 2770 Meriones,
646 2678 775 2775 Epios‚
788 2673 981 2762 Menelaus.
993 2675 1075 2748 Ne*

156 2815 159 2820 ’
261 2823 333 2902 que
352 2791 526 2887 dubium,
538 2793 626 2895 quin
647 2794 743 2893 inter
753 2795 819 2869 hos
840 2808 962 2867 tamen
981 2815 1075 2890 proe·

264 2915 405 2995 calleret
416 2911 634 3004 Philocteta3
646 2914 780 3014 qnippe
792 2911 962 2984 Herculis
972 2910 1075 3014 sagit·

262 3029 379 3113 tarum
392 3029 578 3125 dominus,
592 3045 628 3104 et
641 3026 814 3102 destinata
831 3027 984 3105 feriendi
999 3045 1074 3104 arte

263 3148 445 3228 mirabilis.
460 3148 509 3233 At
526 3145 677 3248 Trojani
689 3171 774 3222 clun
788 3145 1014 3220 auxiliaribus
1029 3147 1076 3219 la·

216 3251 226 3262 ⁸
244 3295 247 3300 ·
264 3268 382 3345 xiores
393 3263 538 3359 militia,
552 3291 671 3366 neque
691 3263 783 3340 circa
797 3264 993 3338 exercitum
1011 3263 1077 3338 sol-

259 3372 351 3452 liciti
366 3384 546 3464 secordias
564 3383 710 3484 agitare.
731 3385 787 3462 Ac
805 3405 896 3478 saepe
917 3381 992 3457 sine
1005 3383 1083 3458 ullo
