2348 4156
237 279 307 370 144
416 293 594 350 curura
621 293 675 343 on
701 279 857 342 ruore.¹

231 411 340 485 servis
352 408 481 512 regiis,
495 409 668 483 foedatum
680 432 722 481 ac
733 404 941 480 dilaniatum
952 400 1041 500 lapi·
1169 485 1170 488 Ἴ

229 527 331 600 dibus
344 527 565 627 Polydorum
584 524 692 598 matri
705 525 783 623 ejus
794 520 958 597 Hecubae
975 544 1039 593 re-

226 641 309 715 fert.
323 642 474 718 Interim
496 642 590 743 Ajax
609 636 864 732 Telamonius,
884 633 1037 735 nequid

227 758 390 860 quietum
411 759 571 833 finitimis
593 759 716 858 Trojae
736 754 964 857 regionibus,
977 765 1037 826 at-

226 903 298 976 que
323 875 445 950 amicis
474 875 760 975 relinqueretur,
781 868 955 944 hostiliter
975 895 1035 942 eas

224 992 422 1096 ingressus,
434 997 629 1093 Botyram,
642 991 842 1088 Cillamque
849 1043 862 1082 ,
873 985 1035 1062 civitates

226 1109 355 1186 divitiis
377 1103 537 1204 nobiles,
552 1108 662 1207 capit.
689 1110 819 1208 Neque
842 1099 1033 1181 contentus

225 1225 304 1320 bis,
329 1217 553 1332 Gargarum,
583 1225 783 1318 Arisbam,
806 1221 1034 1323 Gergithum·

132 1365 136 1372 '
225 1343 403 1441 Scepsim,
421 1344 623 1438 Larissam,
637 1326 847 1417 admiranda
856 1338 1045 1414 celeritate

227 1460 475 1559 depopulatur.
488 1463 582 1538 Dein
594 1462 720 1537 doctus
732 1457 1036 1555 abineolis,mul·

227 1593 262 1652 ta
270 1581 527 1680 cujuscumque
534 1579 635 1653 modi
642 1577 923 1677 peeorainldaeo
931 1601 1034 1649 mon-

227 1710 264 1770 te
285 1695 473 1787 stabulari,
498 1692 769 1792 exposcentibus
794 1693 857 1794 qui
885 1720 970 1795 cum
995 1718 1041 1768 eo
1169 1767 1170 1778 ,

227 1809 488 1900 consenueris,
498 1811 569 1883 cito
577 1810 720 1908 agmine
733 1823 898 1884 montem
906 1809 1043 1906 ingres-

226 1949 306 2016 suS,
318 1921 512 1997 interfectis
524 1950 677 2024 gregum
690 1922 918 2018 custodibus,
934 1937 1053 2026 mag-'

226 2067 311 2117 nam
324 2037 398 2115 vim
414 2063 588 2136 pecorum
605 2038 760 2114 abducit.
779 2039 918 2114 Deinde
937 2042 1040 2120 nullo

132 2228 135 2232 .
225 2155 625 2254 omniumadversante,
638 2158 853 2260 cunctisqui
863 2162 1040 2262 pergebat
1169 2227 1170 2240 ,

227 2279 266 2353 in
284 2279 410 2381 fugam
431 2277 559 2372 versis,
576 2277 639 2351 ubi
659 2293 802 2376 tempus
823 2277 940 2363 visum
958 2296 1038 2375 est,

228 2420 456 2502 eiunmagna
468 2395 592 2498 praeda
602 2395 647 2470 ad
658 2420 739 2472 suos
751 2396 937 2475 convertit.

394 2696 599 2768 CAPUT
632 2699 867 2770 XXVII'I.

277 2841 470 2918 Paridem
488 2861 631 2946 tempus
654 2847 829 2947 Chryses,
844 2873 955 2948 quem
975 2871 1035 2922 sa-

229 2958 412 3034 cerdotem
423 2963 591 3036 Sminthii
604 2960 781 3058 Apollinis
792 2989 900 3061 supra
913 2965 1038 3040 docui-

229 3077 707 3174 mus‚cognit0filiamsuam
717 3079 1036 3182 Astynomencum

230 3193 504 3292 Agamemnone
533 3193 694 3294 degere,
723 3193 835 3274 fretus
863 3198 1037 3301 religione

231 3308 320 3386 tanti
333 3308 508 3408 numinis,
523 3310 568 3386 ad
587 3339 692 3388 nares
708 3316 824 3410 veuit,
842 3318 1038 3415 praeferens
