2348 4156
244 367 313 440 160
423 369 597 440 uuerbe
624 393 677 440 nr
704 390 854 441 ruore.

427 508 631 646 CAPUX'
668 563 860 630 XXXV.

287 709 479 784 Paridem
501 728 644 809 tempus
661 713 758 810 apud
780 711 932 810 Trojam
947 731 1053 784 exer-
1162 727 1163 790 t

222 825 331 900 citus
342 827 544 920 sociorum,
559 829 694 929 quique
706 829 872 902 mercede
882 824 1054 901 conducti
1163 911 1164 934 Χ

239 943 423 1018 auxiliares
452 944 572 1044 copias
599 945 848 1038 adduxerant,
883 959 1055 1040 tempore
1163 943 1164 948 ’

239 1063 355 1136 multo
374 1061 505 1135 frustra
519 1063 627 1156 trito,
643 1061 813 1155 taediare,
826 1089 872 1132 an
884 1060 1056 1133 recorda-

240 1177 337 1251 tione
350 1205 521 1272 suorum,
537 1177 800 1252 domuitionem
815 1176 1051 1276 accipiebant.

239 1297 348 1395 Quod
368 1297 430 1369 ubi
453 1296 704 1372 animadvertit
725 1300 891 1389 Hector,
910 1309 1055 1370 coactus

238 1415 465 1508 necessitate,
482 1415 654 1489 militibus
676 1430 717 1488 ut
741 1415 779 1486 in
801 1414 910 1488 armis
935 1427 1054 1500 essent

238 1531 360 1631 jubet3
384 1558 425 1604 ac
444 1558 532 1605 mox
546 1530 608 1604 ubi
622 1529 766 1630 signum
782 1531 903 1623 daret,
921 1556 1055 1629 seque-

202 1685 205 1689 *
238 1663 365 1722 rentur
385 1675 470 1722 sese.
494 1647 608 1748 Igitur
624 1659 816 1745 postquam
835 1663 977 1746 tempus
993 1644 1053 1721 vi-
1167 1669 1168 1700 ³

238 1789 318 1836 sum
331 1781 401 1853 est,
413 1781 449 1834 et
461 1791 588 1836 omnes
599 1763 636 1833 in
647 1761 757 1833 armis
766 1765 1051 1856 nunciabantur,

235 1877 338 1976 jubet
360 1875 502 1975 egredi,
527 1875 602 1974 ipse
626 1875 697 1948 dux
719 1890 827 1976 atque
849 1877 1052 1976 imperator

237 1990 381 2063 militiae.
400 2018 403 2026 ·
1027 2007 1052 2036 ·'

284 2109 356 2182 Res
401 2107 579 2206 postulare
618 2107 786 2203 videtur,
819 2131 946 2184 eorum
992 2139 1053 2188 re·

235 2253 319 2329 ges,
343 2226 406 2326 qui
433 2225 519 2300 socii
538 2243 645 2328 atque
663 2228 770 2302 antici
794 2229 938 2329 Trojae‚
965 2231 1082 2328 qui-'

221 2371 308 2445 ‚que
329 2343 377 2418 ob
398 2344 603 2419 mercedem
625 2343 812 2418 auxiliares
838 2373 883 2419 ex
902 2345 1050 2422 diversis

236 2462 443 2566 regionibus
459 2462 632 2538 contracti
651 2463 912 2538 Priamidarum
932 2462 1050 2560 impe-

236 2581 332 2656 rium
345 2583 606 2679 sequebantur,
620 2581 770 2656 edicere.
785 2581 925 2654 Primus
936 2578 1048 2680 igitur

235 2695 348 2794 portis
370 2697 528 2795 erumpit
552 2698 733 2774 Pandarus
756 2703 922 2800 Lycaone
945 2696 1049 2797 geni-

235 2827 310 2903 tae,
325 2841 368 2886 ex
379 2812 489 2914 Lycia
502 2843 509 2883 :
524 2814 608 2888 dein
621 2815 856 2912 Hippothous
868 2812 988 2915 Pylei,
1001 2839 1047 2886 ex

233 2927 372 3002 Larissa
392 2928 657 3029 Pelasgidarum
673 2959 681 2998 :
698 2934 852 3000 Acamas
866 2943 900 3000 et
917 2929 1019 3003 Piros
1034 2985 1046 3023 ‚

234 3071 278 3119 ex
294 3041 446 3116 Thracia
463 3074 471 3112 ι
487 3045 696 3140 Euphemus
710 3045 919 3118 Troezenius
936 3046 1045 3121 Cico-

234 3160 290 3236 nis
298 3155 523 3257 imperitans:
535 3156 753 3258 Pylaemenes
761 3161 1046 3263 Paphlagonius·,·

133 3263 136 3273 ’
237 3295 339 3374 patre
358 3274 470 3350 Melio
488 3272 662 3378 gloriosus
679 3305 687 3347 :
702 3277 816 3352 Odius
831 3294 866 3352 et
883 3279 1049 3376 Epistro-

235 3393 327 3492 phus
334 3448 348 3489 ,
362 3391 425 3466 filii
436 3391 538 3468 Minii
548 3448 560 3491 ,
571 3391 763 3472 Alizonum
775 3421 876 3499 reges
892 3425 899 3466 :
914 3399 1049 3496 Sarpe-
