2348 4156
252 270 316 342 152
441 293 615 344 ourann
642 293 695 342 on
721 278 873 341 unere:

246 417 337 505 q'uos
348 430 470 478 secum
490 405 661 481 habuerat
673 405 711 479 in
728 405 837 492 armis
850 425 929 479 esse¹
942 401 1076 502 jubet?

243 524 286 596 Id
305 521 368 594 uhi
391 521 548 596 Achilles
565 523 835 618 animadvertit,
853 536 1061 598 commotus

153 701 154 706 ,
244 636 298 710 rei
323 629 594 741 indignatione,
619 639 725 713 simul
749 640 907 738 pernicie
930 635 1068 712 defessi-

246 757 422 835 exercitus
457 758 602 851 anxius,
624 756 877 837 defunctorum
908 780 1063 852 corpora

244 872 489 948 miserandum
498 874 536 946 in
544 875 697 948 modum
704 874 866 948 confecta
873 929 885 967 ,
899 872 1063 972 undique

244 991 284 1066 in
301 1019 416 1066 unum
433 991 551 1092 colligi
567 992 689 1092 jubet,
703 1008 810 1092 atque
828 993 865 1098 in
882 1004 1063 1068 conventu

248 1125 331 1184 ante
350 1136 414 1182 ora
427 1109 594 1184 omnium
606 1110 752 1210 projicit
762 1113 846 1210 Quo
860 1107 1064 1208 spectaculo

244 1227 337 1302 adeo
359 1229 535 1302 conmroti
557 1256 664 1330 reges
692 1243 887 1330 gentesque
913 1251 1062 1318 omnes,

246 1347 302 1420 uti
317 1348 507 1423 adversum
527 1351 844 1449 Agamemnonem
866 1347 910 1420 ab
927 1344 1064 1422 cunctis

247 1456 482 1565 pergeretur,
501 1466 592 1539 duce
610 1481 717 1566 atque
733 1481 877 1540 auctore
893 1460 1031 1538 Achille
1049 1516 1064 1554 ,

250 1584 330 1660 etsi
347 1599 546 1683 perstaret,
566 1583 736 1656 suadente
756 1582 863 1657 exitio
878 1578 1065 1656 vindican-

252 1702 352 1774 dum.
375 1705 465 1799 Quae
482 1700 544 1772 uhi
565 1699 642 1800 regi
659 1700 852 1793 nunciata,
870 1696 1066 1796 pertinacia

251 1816 382 1907 animi,
408 1843 453 1886 an
480 1817 527 1890 ob
555 1842 720 1896 amorem
746 1816 912 1920 captivae,
935 1830 1067 1888 cuncta

140 2029 143 2034 Ι
251 1948 409 2006 extrema
420 1947 515 2004 ratus
525 1931 678 2028 experiri
684 1929 1064 2022 ,nihilremittendum

249 2051 293 2131 de
306 2048 479 2124 sententia
492 2048 740 2123 destinaverat.

439 2246 642 2358 carna
675 2195 885 2319 xxxri
959 2341 962 2348 Ι

300 2403 356 2478 Ea
365 2417 558 2503 postquam
566 2401 717 2502 Trojani
726 2401 1065 2502 cognovere,simul

254 2543 301 2611 ex
315 2522 429 2596 muris
440 2520 760 2622 conflagrationem
775 2546 970 2618 corporum
982 2519 1067 2592 assi-

256 2639 366 2711 duam
391 2639 606 2738 crehrasque
625 2638 823 2736 sepulturas
838 2635 1068 2712 animadver-

143 2761 156 2768 “
254 2754 665 2858 tere,doctique,etiam
674 2755 1067 2856 reliquosincommodo

256 2870 364 2948 cladis
383 2875 459 2975 ejus
482 2873 617 2950 debiles
635 2900 765 2973 agere,
779 2873 957 2949 cohortati
974 2872 1067 2950 inter

255 3017 292 3064 se
308 3018 409 3064 arma
432 2993 602 3089 capiunt,
623 3016 665 3062 ac
682 2999 836 3085 propere
857 3017 941 3066 cum
955 3018 1068 3067 manu

257 3105 417 3183 auxiliari
435 3107 537 3179 effusi
552 3104 666 3204 portis
685 3122 842 3208 pergunt
860 3109 1063 3185 advorsum.

257 3230 314 3304 Ac
334 3223 418 3300 dein
441 3250 506 3322 per
524 3249 671 3323 campos
690 3225 847 3298 exercitu
870 3223 1068 3322 bipartito,

257 3343 424 3450 Troianis
446 3347 607 3444 Hector,
631 3343 816 3461 Sarpedon
840 3341 1070 3462 auxiliaribus
