<?xml version="1.0" encoding="UTF-8"?>
<!DOCTYPE html PUBLIC "-//W3C//DTD XHTML 1.0 Transitional//EN"
    "http://www.w3.org/TR/xhtml1/DTD/xhtml1-transitional.dtd">
<html xmlns="http://www.w3.org/1999/xhtml" xml:lang="en" lang="en">
 <head>
  <title>
</title>
<meta http-equiv="Content-Type" content="text/html;charset=utf-8" />
  <meta name='ocr-system' content='tesseract 3.04.00' />
  <meta name='ocr-capabilities' content='ocr_page ocr_carea ocr_par ocr_line ocrx_word'/>
</head>
<body>
  <div class='ocr_page' id='page_1' title='image "./histoiredelague01daregoog/histoiredelague01daregoog_0112.png"; bbox 0 0 2314 4144; ppageno 0'>
   <div class='ocr_carea' id='block_1_1' title="bbox 222 316 1010 386">
    <p class='ocr_par' dir='ltr' id='par_1_1' title="bbox 222 316 1010 386">
     <span class='ocr_line' id='line_1_1' title="bbox 222 316 1010 386; baseline -0.003 -16"><span class='ocrx_word' id='word_1_1' title='bbox 222 316 1010 386; x_wconf 44' lang='lat' dir='ltr'>mmmumwwmwmuvw</span> 
     </span>
    </p>
   </div>
   <div class='ocr_carea' id='block_1_2' title="bbox 288 492 963 630">
    <p class='ocr_par' dir='ltr' id='par_1_2' title="bbox 288 492 963 630">
     <span class='ocr_line' id='line_1_2' title="bbox 288 492 963 630; baseline -0.003 -8"><span class='ocrx_word' id='word_1_2' title='bbox 288 539 512 626; x_wconf 76' lang='lat' dir='ltr'>neren</span> <span class='ocrx_word' id='word_1_3' title='bbox 553 492 963 630; x_wconf 74' lang='lat' dir='ltr'>SECUNDUS.</span> 
     </span>
    </p>
   </div>
   <div class='ocr_carea' id='block_1_3' title="bbox 498 772 760 842">
    <p class='ocr_par' dir='ltr' id='par_1_3' title="bbox 498 772 760 842">
     <span class='ocr_line' id='line_1_3' title="bbox 498 772 760 842; baseline -0.012 0"><span class='ocrx_word' id='word_1_4' title='bbox 498 772 697 842; x_wconf 82' lang='lat' dir='ltr'><strong>CAPUT</strong></span> <span class='ocrx_word' id='word_1_5' title='bbox 733 773 760 839; x_wconf 96' lang='lat' dir='ltr'>I</span> 
     </span>
    </p>
   </div>
   <div class='ocr_carea' id='block_1_4' title="bbox 168 893 1048 1755">
    <p class='ocr_par' dir='ltr' id='par_1_4' title="bbox 168 893 1048 1755">
     <span class='ocr_line' id='line_1_4' title="bbox 229 893 1038 1048; baseline 0.005 -30"><span class='ocrx_word' id='word_1_6' title='bbox 229 895 464 1034; x_wconf 74' lang='lat' dir='ltr'>Posrqunn</span> <span class='ocrx_word' id='word_1_7' title='bbox 477 946 523 1020; x_wconf 89' lang='lat' dir='ltr'>ad</span> <span class='ocrx_word' id='word_1_8' title='bbox 535 893 735 1022; x_wconf 82' lang='lat' dir='ltr'><strong>Moesorum</strong></span> <span class='ocrx_word' id='word_1_9' title='bbox 752 947 938 1048; x_wconf 82' lang='lat' dir='ltr'>regionem</span> <span class='ocrx_word' id='word_1_10' title='bbox 954 945 1038 1022; x_wconf 87' lang='lat' dir='ltr'>uni-</span> 
     </span>
     <span class='ocr_line' id='line_1_5' title="bbox 228 1065 1047 1168; baseline -0.006 -24"><span class='ocrx_word' id='word_1_11' title='bbox 228 1093 345 1144; x_wconf 84' lang='lat' dir='ltr'>versas</span> <span class='ocrx_word' id='word_1_12' title='bbox 375 1065 499 1140; x_wconf 86' lang='lat' dir='ltr'>classes</span> <span class='ocrx_word' id='word_1_13' title='bbox 529 1066 627 1142; x_wconf 84' lang='lat' dir='ltr'>venti</span> <span class='ocrx_word' id='word_1_14' title='bbox 659 1067 856 1165; x_wconf 87' lang='lat' dir='ltr'>appulere,</span> <span class='ocrx_word' id='word_1_15' title='bbox 880 1091 1047 1168; x_wconf 80' lang='lat' dir='ltr'>propere</span> 
     </span>
     <span class='ocr_line' id='line_1_6' title="bbox 168 1175 1043 1286; baseline -0.013 -23"><span class='ocrx_word' id='word_1_16' title='bbox 168 1219 173 1224; x_wconf 86' lang='grc'><em>·</em></span> <span class='ocrx_word' id='word_1_17' title='bbox 230 1211 372 1276; x_wconf 85' lang='lat' dir='ltr'>onmes,</span> <span class='ocrx_word' id='word_1_18' title='bbox 380 1184 482 1286; x_wconf 82' lang='lat' dir='ltr'>signo</span> <span class='ocrx_word' id='word_1_19' title='bbox 491 1185 589 1278; x_wconf 88' lang='lat' dir='ltr'>dato,</span> <span class='ocrx_word' id='word_1_20' title='bbox 598 1175 823 1261; x_wconf 85' lang='lat' dir='ltr'>naveslittori</span> <span class='ocrx_word' id='word_1_21' title='bbox 831 1185 1043 1258; x_wconf 81' lang='lat' dir='ltr'>admovent.</span> 
     </span>
     <span class='ocr_line' id='line_1_7' title="bbox 231 1297 1044 1406; baseline -0.006 -30"><span class='ocrx_word' id='word_1_22' title='bbox 231 1303 326 1376; x_wconf 86' lang='lat' dir='ltr'><strong>Dein</strong></span> <span class='ocrx_word' id='word_1_23' title='bbox 339 1303 462 1404; x_wconf 83' lang='lat' dir='ltr'>egredi</span> <span class='ocrx_word' id='word_1_24' title='bbox 475 1303 702 1406; x_wconf 78' lang='lat' dir='ltr'>cupientibus</span> <span class='ocrx_word' id='word_1_25' title='bbox 707 1297 755 1399; x_wconf 85' lang='lat' dir='ltr'>‚a</span> <span class='ocrx_word' id='word_1_26' title='bbox 769 1301 973 1377; x_wconf 74' lang='lat' dir='ltr'>custodibus</span> <span class='ocrx_word' id='word_1_27' title='bbox 984 1299 1044 1372; x_wconf 85' lang='lat' dir='ltr'>lo·¹</span> 
     </span>
     <span class='ocr_line' id='line_1_8' title="bbox 219 1419 1044 1519; baseline -0.007 -23"><span class='ocrx_word' id='word_1_28' title='bbox 219 1419 269 1497; x_wconf 87' lang='lat' dir='ltr'>-ci</span> <span class='ocrx_word' id='word_1_29' title='bbox 277 1419 354 1518; x_wconf 90' lang='lat' dir='ltr'>ejus</span> <span class='ocrx_word' id='word_1_30' title='bbox 366 1421 511 1496; x_wconf 88' lang='lat' dir='ltr'>obviam</span> <span class='ocrx_word' id='word_1_31' title='bbox 525 1420 616 1494; x_wconf 89' lang='lat' dir='ltr'>itum</span> <span class='ocrx_word' id='word_1_32' title='bbox 627 1437 681 1496; x_wconf 88' lang='lat' dir='ltr'>est</span> <span class='ocrx_word' id='word_1_33' title='bbox 696 1453 704 1494; x_wconf 91' lang='lat'><strong>:</strong></span> <span class='ocrx_word' id='word_1_34' title='bbox 721 1448 782 1496; x_wconf 89' lang='lat' dir='ltr'>eos</span> <span class='ocrx_word' id='word_1_35' title='bbox 794 1445 951 1519; x_wconf 89' lang='lat' dir='ltr'>namque</span> <span class='ocrx_word' id='word_1_36' title='bbox 963 1419 1044 1492; x_wconf 89' lang='lat' dir='ltr'>Te·-</span> 
     </span>
     <span class='ocr_line' id='line_1_9' title="bbox 208 1529 1048 1638; baseline -0.004 -29"><span class='ocrx_word' id='word_1_37' title='bbox 208 1557 211 1572; x_wconf 75' lang='lat'><em>&#39;</em></span> <span class='ocrx_word' id='word_1_38' title='bbox 234 1535 381 1634; x_wconf 85' lang='lat' dir='ltr'>lepbus,</span> <span class='ocrx_word' id='word_1_39' title='bbox 393 1538 455 1638; x_wconf 88' lang='lat' dir='ltr'>qui</span> <span class='ocrx_word' id='word_1_40' title='bbox 477 1554 555 1611; x_wconf 86' lang='lat' dir='ltr'>tum</span> <span class='ocrx_word' id='word_1_41' title='bbox 569 1538 714 1612; x_wconf 81' lang='lat' dir='ltr'>Moesiae·</span> <span class='ocrx_word' id='word_1_42' title='bbox 726 1539 922 1636; x_wconf 65' lang='lat' dir='ltr'>imperator</span> <span class='ocrx_word' id='word_1_43' title='bbox 938 1549 1014 1609; x_wconf 87' lang='lat' dir='ltr'>erat</span> <span class='ocrx_word' id='word_1_44' title='bbox 1030 1529 1048 1628; x_wconf 74' lang='lat'>,&#39;</span> 
     </span>
     <span class='ocr_line' id='line_1_10' title="bbox 236 1643 1048 1755; baseline -0.004 -28"><span class='ocrx_word' id='word_1_45' title='bbox 236 1667 310 1755; x_wconf 81' lang='lat' dir='ltr'>quo</span> <span class='ocrx_word' id='word_1_46' title='bbox 323 1643 441 1727; x_wconf 83' lang='lat' dir='ltr'>urnnis</span> <span class='ocrx_word' id='word_1_47' title='bbox 452 1655 552 1755; x_wconf 83' lang='lat' dir='ltr'>regio</span> <span class='ocrx_word' id='word_1_48' title='bbox 565 1655 611 1736; x_wconf 87' lang='lat' dir='ltr'>ab</span> <span class='ocrx_word' id='word_1_49' title='bbox 623 1647 825 1729; x_wconf 80' lang='lat' dir='ltr'>incursione</span> <span class='ocrx_word' id='word_1_50' title='bbox 838 1651 1048 1730; x_wconf 83' lang='lat' dir='ltr'>maritimo-</span> 
     </span>
    </p>
   </div>
   <div class='ocr_carea' id='block_1_5' title="bbox 45 1767 1048 1866">
    <p class='ocr_par' dir='ltr' id='par_1_5' title="bbox 45 1767 1048 1866">
     <span class='ocr_line' id='line_1_11' title="bbox 45 1767 1048 1866; baseline -0.007 -19"><span class='ocrx_word' id='word_1_51' title='bbox 45 1811 47 1820; x_wconf 85' lang='lat'><em>·</em></span> <span class='ocrx_word' id='word_1_52' title='bbox 125 1796 153 1850; x_wconf 75' lang='grc'>·,</span> <span class='ocrx_word' id='word_1_53' title='bbox 235 1797 317 1844; x_wconf 88' lang='lat' dir='ltr'>rum</span> <span class='ocrx_word' id='word_1_54' title='bbox 336 1771 493 1845; x_wconf 89' lang='lat' dir='ltr'>hostium</span> <span class='ocrx_word' id='word_1_55' title='bbox 508 1771 772 1862; x_wconf 77' lang='lat' dir='ltr'>defensaretur,</span> <span class='ocrx_word' id='word_1_56' title='bbox 784 1770 895 1841; x_wconf 87' lang='lat' dir='ltr'>littori</span> <span class='ocrx_word' id='word_1_57' title='bbox 914 1767 1048 1866; x_wconf 82' lang='lat' dir='ltr'>praefe-</span> 
     </span>
    </p>
   </div>
   <div class='ocr_carea' id='block_1_6' title="bbox 235 1826 1051 1988">
    <p class='ocr_par' dir='ltr' id='par_1_6' title="bbox 235 1826 1051 1988">
     <span class='ocr_line' id='line_1_12' title="bbox 235 1826 1051 1988; baseline -0.005 -26"><span class='ocrx_word' id='word_1_58' title='bbox 235 1901 342 1962; x_wconf 86' lang='lat' dir='ltr'>cerat.</span> <span class='ocrx_word' id='word_1_59' title='bbox 357 1885 471 1988; x_wconf 85' lang='lat' dir='ltr'>Igrtur</span> <span class='ocrx_word' id='word_1_60' title='bbox 482 1885 545 1959; x_wconf 83' lang='lat' dir='ltr'>ubi</span> <span class='ocrx_word' id='word_1_61' title='bbox 556 1887 769 1968; x_wconf 88' lang='lat' dir='ltr'>descendere</span> <span class='ocrx_word' id='word_1_62' title='bbox 759 1826 1051 1984; x_wconf 67' lang='lat' dir='ltr'>prohibentur}</span> 
     </span>
    </p>
   </div>
   <div class='ocr_carea' id='block_1_7' title="bbox 200 2001 1061 3364">
    <p class='ocr_par' dir='ltr' id='par_1_7' title="bbox 200 2001 1061 3364">
     <span class='ocr_line' id='line_1_13' title="bbox 236 2001 1052 2102; baseline -0.001 -28"><span class='ocrx_word' id='word_1_63' title='bbox 236 2001 353 2102; x_wconf 75' lang='lat' dir='ltr'>neque</span> <span class='ocrx_word' id='word_1_64' title='bbox 379 2001 479 2100; x_wconf 88' lang='lat' dir='ltr'>prius</span> <span class='ocrx_word' id='word_1_65' title='bbox 502 2002 723 2101; x_wconf 73' lang='lat' dir='ltr'>permittitur</span> <span class='ocrx_word' id='word_1_66' title='bbox 743 2019 879 2078; x_wconf 84' lang='lat' dir='ltr'>terram</span> <span class='ocrx_word' id='word_1_67' title='bbox 902 2001 1052 2077; x_wconf 84' lang='lat' dir='ltr'>contin-</span> 
     </span>
     <span class='ocr_line' id='line_1_14' title="bbox 238 2103 1054 2232; baseline 0.001 -41"><span class='ocrx_word' id='word_1_68' title='bbox 238 2145 344 2232; x_wconf 81' lang='lat' dir='ltr'>gere,</span> <span class='ocrx_word' id='word_1_69' title='bbox 359 2147 467 2220; x_wconf 85' lang='lat' dir='ltr'>quam</span> <span class='ocrx_word' id='word_1_70' title='bbox 489 2119 567 2223; x_wconf 82' lang='lat' dir='ltr'>regi</span> <span class='ocrx_word' id='word_1_71' title='bbox 584 2119 732 2220; x_wconf 82' lang='lat' dir='ltr'>quinam</span> <span class='ocrx_word' id='word_1_72' title='bbox 752 2135 889 2214; x_wconf 91' lang='lat' dir='ltr'>essent,</span> <span class='ocrx_word' id='word_1_73' title='bbox 905 2103 1054 2192; x_wconf 54' lang='lat' dir='ltr'>nuntia-⁴</span> 
     </span>
     <span class='ocr_line' id='line_1_15' title="bbox 238 2236 1052 2338; baseline 0.001 -29"><span class='ocrx_word' id='word_1_74' title='bbox 238 2253 364 2310; x_wconf 89' lang='lat' dir='ltr'>retur:</span> <span class='ocrx_word' id='word_1_75' title='bbox 381 2237 492 2311; x_wconf 90' lang='lat' dir='ltr'>nostri</span> <span class='ocrx_word' id='word_1_76' title='bbox 510 2238 632 2335; x_wconf 85' lang='lat' dir='ltr'>prime</span> <span class='ocrx_word' id='word_1_77' title='bbox 655 2265 734 2338; x_wconf 80' lang='lat' dir='ltr'>quae</span> <span class='ocrx_word' id='word_1_78' title='bbox 757 2236 966 2311; x_wconf 88' lang='lat' dir='ltr'>dicebantur</span> <span class='ocrx_word' id='word_1_79' title='bbox 982 2262 1052 2310; x_wconf 88' lang='lat' dir='ltr'>ne-</span> 
     </span>
     <span class='ocr_line' id='line_1_16' title="bbox 240 2345 1050 2458; baseline 0 -32"><span class='ocrx_word' id='word_1_80' title='bbox 240 2354 396 2458; x_wconf 85' lang='lat' dir='ltr'>gligere,</span> <span class='ocrx_word' id='word_1_81' title='bbox 416 2371 452 2428; x_wconf 89' lang='lat' dir='ltr'>et</span> <span class='ocrx_word' id='word_1_82' title='bbox 473 2353 602 2456; x_wconf 80' lang='lat' dir='ltr'>singuli</span> <span class='ocrx_word' id='word_1_83' title='bbox 629 2345 777 2429; x_wconf 85' lang='lat' dir='ltr'>navibus</span> <span class='ocrx_word' id='word_1_84' title='bbox 803 2351 936 2456; x_wconf 84' lang='lat' dir='ltr'>egredi.</span> <span class='ocrx_word' id='word_1_85' title='bbox 955 2352 1050 2440; x_wconf 90' lang='lat' dir='ltr'>Dein</span> 
     </span>
     <span class='ocr_line' id='line_1_17' title="bbox 239 2469 1053 2574; baseline -0.001 -31"><span class='ocrx_word' id='word_1_86' title='bbox 239 2470 676 2574; x_wconf 74' lang='lat' dir='ltr'>postquamacustodfibus</span> <span class='ocrx_word' id='word_1_87' title='bbox 687 2469 774 2546; x_wconf 91' lang='lat' dir='ltr'>nihil</span> <span class='ocrx_word' id='word_1_88' title='bbox 783 2469 1053 2565; x_wconf 88' lang='lat' dir='ltr'>remittebatur,</span> 
     </span>
     <span class='ocr_line' id='line_1_18' title="bbox 242 2585 1056 2684; baseline -0.005 -20"><span class='ocrx_word' id='word_1_89' title='bbox 242 2605 279 2664; x_wconf 84' lang='lat' dir='ltr'>et</span> <span class='ocrx_word' id='word_1_90' title='bbox 298 2616 441 2664; x_wconf 84' lang='lat' dir='ltr'>summa</span> <span class='ocrx_word' id='word_1_91' title='bbox 455 2588 490 2663; x_wconf 90' lang='lat' dir='ltr'>vi</span> <span class='ocrx_word' id='word_1_92' title='bbox 506 2588 620 2661; x_wconf 85' lang='lat' dir='ltr'>resisti</span> <span class='ocrx_word' id='word_1_93' title='bbox 641 2603 678 2662; x_wconf 83' lang='lat' dir='ltr'>et</span> <span class='ocrx_word' id='word_1_94' title='bbox 693 2585 875 2684; x_wconf 89' lang='lat' dir='ltr'>prohiberi</span> <span class='ocrx_word' id='word_1_95' title='bbox 891 2593 1056 2684; x_wconf 82' lang='lat' dir='ltr'>creptum¹</span> 
     </span>
     <span class='ocr_line' id='line_1_19' title="bbox 200 2701 1054 2804; baseline -0.005 -24"><span class='ocrx_word' id='word_1_96' title='bbox 200 2771 201 2780; x_wconf 73' lang='grc'>,</span> <span class='ocrx_word' id='word_1_97' title='bbox 243 2703 567 2804; x_wconf 32' lang='lat' dir='ltr'>estiducesomne&#39;s</span> <span class='ocrx_word' id='word_1_98' title='bbox 576 2703 744 2803; x_wconf 88' lang='lat' dir='ltr'>injuriam</span> <span class='ocrx_word' id='word_1_99' title='bbox 753 2730 865 2777; x_wconf 86' lang='lat' dir='ltr'>manu</span> <span class='ocrx_word' id='word_1_100' title='bbox 873 2701 1054 2778; x_wconf 84' lang='lat' dir='ltr'>vindican-</span> 
     </span>
     <span class='ocr_line' id='line_1_20' title="bbox 242 2802 1053 2918; baseline 0.004 -28"><span class='ocrx_word' id='word_1_101' title='bbox 242 2821 327 2898; x_wconf 85' lang='lat' dir='ltr'>dam</span> <span class='ocrx_word' id='word_1_102' title='bbox 338 2802 413 2892; x_wconf 73' lang='lat' dir='ltr'>&#39;rati</span> <span class='ocrx_word' id='word_1_103' title='bbox 425 2820 575 2918; x_wconf 87' lang='lat' dir='ltr'>arreptis</span> <span class='ocrx_word' id='word_1_104' title='bbox 592 2820 702 2892; x_wconf 87' lang='lat' dir='ltr'>armis</span> <span class='ocrx_word' id='word_1_105' title='bbox 722 2821 862 2895; x_wconf 83' lang='lat' dir='ltr'>evolant</span> <span class='ocrx_word' id='word_1_106' title='bbox 877 2819 1053 2918; x_wconf 75' lang='lat' dir='ltr'>navibuS,</span> 
     </span>
     <span class='ocr_line' id='line_1_21' title="bbox 242 2935 1054 3038; baseline 0.004 -29"><span class='ocrx_word' id='word_1_107' title='bbox 242 2935 450 3034; x_wconf 86' lang='lat' dir='ltr'>incensique</span> <span class='ocrx_word' id='word_1_108' title='bbox 474 2936 527 3009; x_wconf 89' lang='lat' dir='ltr'>ira</span> <span class='ocrx_word' id='word_1_109' title='bbox 543 2937 719 3036; x_wconf 86' lang='lat' dir='ltr'>¹custodes</span> <span class='ocrx_word' id='word_1_110' title='bbox 747 2938 913 3032; x_wconf 78' lang='lat' dir='ltr'>caedere,</span> <span class='ocrx_word' id='word_1_111' title='bbox 935 2964 1054 3038; x_wconf 89' lang='lat' dir='ltr'>neque</span> 
     </span>
     <span class='ocr_line' id='line_1_22' title="bbox 244 3041 1060 3158; baseline 0 -29"><span class='ocrx_word' id='word_1_112' title='bbox 244 3041 354 3129; x_wconf 73' lang='lat' dir='ltr'>uersis</span> <span class='ocrx_word' id='word_1_113' title='bbox 374 3051 427 3124; x_wconf 84' lang='lat' dir='ltr'>hie</span> <span class='ocrx_word' id='word_1_114' title='bbox 448 3069 556 3154; x_wconf 87' lang='lat' dir='ltr'>atque</span> <span class='ocrx_word' id='word_1_115' title='bbox 572 3054 611 3144; x_wconf 91' lang='lat' dir='ltr'>in</span> <span class='ocrx_word' id='word_1_116' title='bbox 631 3052 717 3152; x_wconf 83' lang='lat' dir='ltr'>fuga</span> <span class='ocrx_word' id='word_1_117' title='bbox 736 3079 903 3151; x_wconf 84' lang='lat' dir='ltr'>parcere,</span> <span class='ocrx_word' id='word_1_118' title='bbox 920 3055 983 3128; x_wconf 88' lang='lat' dir='ltr'>sed</span> <span class='ocrx_word' id='word_1_119' title='bbox 999 3056 1060 3158; x_wconf 22' lang='lat' dir='ltr'>uti:</span> 
     </span>
     <span class='ocr_line' id='line_1_23' title="bbox 246 3163 1061 3280; baseline 0.006 -38"><span class='ocrx_word' id='word_1_120' title='bbox 246 3168 397 3270; x_wconf 85' lang='lat' dir='ltr'>quisque</span> <span class='ocrx_word' id='word_1_121' title='bbox 410 3163 1061 3280; x_wconf 71' lang='lat' dir='ltr'>fugientemcomprehenderat,³0b-¹</span> 
     </span>
     <span class='ocr_line' id='line_1_24' title="bbox 248 3299 425 3364; baseline -0.017 -3"><span class='ocrx_word' id='word_1_122' title='bbox 248 3299 425 3364; x_wconf 82' lang='lat' dir='ltr'>truncare.</span> 
     </span>
    </p>
   </div>
   <div class='ocr_carea' id='block_1_8' title="bbox 0 0 1192 4144">
    <p class='ocr_par' dir='ltr' id='par_1_8' title="bbox 0 0 1192 4144">
     <span class='ocr_line' id='line_1_25' title="bbox 0 0 1192 4144; baseline 0 0"><span class='ocrx_word' id='word_1_123' title='bbox 0 0 1192 4144; x_wconf 95' lang='lat' dir='ltr'> </span> 
     </span>
    </p>
   </div>
  </div>
 </body>
</html>
