2360 4142
266 321 407 372 ntvnn
449 293 740 381 Qunu'nttnn.
838 287 908 386 359

101 445 221 514 mente
248 431 525 530 obstupefieret,
554 457 595 503 ac
629 425 811 527 paullatim
845 449 910 522 per

101 575 292 623 moerorem
317 531 507 624 deficiente
532 547 677 638 animo,
692 544 906 620 concideret.

104 667 223 766 Atque
251 665 300 738 ita
333 691 408 739 uno
438 664 640 766 eodemque
672 661 798 760 funere
826 685 910 735 cum

103 781 306 860 Alexandro
318 782 531 886 contegitur.
701 871 704 878 ¹

257 1267 259 1272 .
312 1197 516 1271 CAPUT
548 1197 585 1268 x
599 1183 706 1270 ΧΠ.

153 1359 355 1433 Cannium
369 1345 611 1452 Trojani‚ubi
622 1347 731 1423 hostis
739 1345 851 1420 muris
864 1345 920 1418 in·

110 1477 239 1568 festus,
253 1463 566 1572 magismng'isque
581 1465 701 1560 saevit,
715 1491 832 1566 neque
844 1465 920 1565 jam

111 1591 297 1670 resistendi
313 1583 491 1664 moenibus
504 1613 584 1686 spes
599 1583 751 1658 ulterius
769 1599 843 1677 est,
861 1581 923 1684 etit

113 1713 206 1790 vires
228 1705 507 1800 valent‚›cuncti
523 1691 690 1802 proceres
712 1699 925 1774 seditionem
966 1731 967 1736 ¹

114 1829 284 1904 adversus
301 1825 487 1899 Priamum
503 1819 697 1912 extollunt,
721 1833 829 1924 atque
850 1814 928 1916 ejus

115 1947 259 2050 ¹regulos
284 1975 292 2017 ε
317 1943 472 2043 denique
500 1939 614 2014 accito
638 1939 753 2010 AEnea
778 1934 930 2032 filiisque

79 2137 85 2149 ,
112 2062 311 2141 Antenoris
318 2117 331 2155 ‚
345 2061 543 2136 decernunt
552 2055 694 2128 interse
700 2051 775 2144 ,uti
787 2050 929 2124 Helena

117 2208 204 2261 eum
226 2180 280 2254 his
295 2205 375 2274 ,qnae
391 2175 508 2246 ablata
518 2175 646 2263 eram,
659 2168 705 2242 ad
721 2166 930 2242 Menelaum

119 2300 322 2372 duceretur.
355 2287 465 2388 Quod
493 2301 685 2386 postquam
723 2281 932 2378 Deiphobus

122 2410 310 2516 cognovit,
331 2407 532 2482 traductam
544 2404 590 2477 ad
603 2429 640 2475 se
654 2385 841 2504 Helenam.
852 2425 943 2470 ma-

122 2528 296 2607 trimonio
305 2525 372 2598 sihi
382 2521 558 2622 adjungit.
571 2523 750 2594 Caeterum
758 2514 936 2617 ingressus

125 2645 318 2728 concilium
341 2640 523 2732 Priamus,
543 2637 607 2711 ubi
628 2631 804 2709 multaab
823 2635 938 2709 AEne'a

126 2757 386 2846 contumeliosa
398 2756 535 2855 ingesta
547 2769 629 2822 sunt
635 2753 703 2841 ‚ad
713 2764 939 2844 postremum

122 2867 175 2963 xen
184 2876 323 2960 consilii
335 2869 509 2950 sententia
524 2866 624 2968 jubet
642 2863 688 2936 ad
700 2863 842 2938 Graecos
855 2889 939 2964 eum

130 2997 309 3078 mandatis
320 2991 402 3068 hetti
416 2980 620 3093 deponendi
633 2980 938 3056 ire'Antenorem:

73 3108 77 3116 ¹
132 3119 197 3222 qui
209 3141 277 3216 pro
293 3111 407 3186 muris
421 3106 564 3208 signum
585 3081 775 3176 ostendens
792 3094 944 3198 legatio-

134 3237 212 3330 nis,
228 3230 324 3306 ubia
346 3225 476 3302 nostris
487 3245 666 3298 recessum
683 3229 756 3309 est,
779 3213 825 3287 ad
837 3237 944 3288 naves
1031 3311 1034 3324 ·

135 3353 245 3435 venit.
264 3347 343 3431 Ubi
365 3342 520 3446 benigne
545 3315 732 3431 salutatus,
753 3348 861 3434 atque
885 3333 946 3410 ex·
