2260 4152
272 399 430 454 rivae
458 389 682 453 rumaren.¹
837 401 882 476 19

330 573 522 644 carue
553 535 631 644 tv(

116 741 270 846 Qunms
285 743 438 846 cognitis
451 727 653 841 Menelaus,
666 745 730 822 etsi
736 746 886 823 abstrac-

72 858 118 938 tio
140 861 309 965 conjugis
324 862 485 952 animum
499 861 747 962 permoverat,
767 866 884 939 multo
920 844 928 864 ⁹

74 978 886 1086 ampliustamenobinjuriamadfinium,quas

72 1120 175 1194 supra
189 1095 496 1190 memoravimus,
509 1102 814 1175 consternabatur.
835 1101 885 1172 At

72 1213 131 1287 ubi
150 1213 408 1290 animadvertit
430 1215 662 1310 Palamedes,
690 1243 814 1319 regem
833 1216 887 1290 irat

72 1345 176 1429 atquc
195 1331 443 1428 indignatione
458 1333 719 1425 stupefactum,
738 1332 889 1406 concilio

73 1445 267 1536 excidisse,
298 1443 375 1542 ipse
399 1471 506 1520 naves
521 1462 643 1542 parat,
659 1462 767 1547 atque
788 1448 890 1524 omni

72 1564 312 1648 instrumento
341 1562 570 1660 compositas·
590 1579 694 1638 terrae
722 1563 888 1664 applicat.
958 1611 961 1615 -

74 1681 165 1756 Dein
182 1703 252 1777 pro
268 1693 435 1776 tempore
450 1707 576 1782 regem
592 1679 752 1757 breviter
763 1706 892 1756 conso-

75 1796 187 1890 latus,
208 1795 334 1894 positis
350 1795 458 1868 etiam
476 1824 519 1870 ex
533 1796 731 1894 divisione,
755 1827 836 1900 quae
853 1798 891 1874 in

76 1918 134 1990 tali
147 1914 305 2016 ,negotio
334 1929 478 2010 tempus
503 1914 728 2016 patiebatur,
761 1914 891 1995 navem

75 2030 262 2108 ascendere
278 2027 366 2102 facit
381 2059 396 2121 :⁸
415 2043 522 2130 atque
544 2027 592 2104 ita
612 2035 726 2110 ventis
751 2064 794 2110 ex
808 2063 892 2110 sen·
975 2095 978 2102 a

76 2151 186 2228 tentia
209 2147 403 2241 flantibus,
430 2147 551 2248 paucis
575 2150 699 2228 diebus
725 2156 890 2252 Spartam

76 2294 282 2372 pervenere·
304 2267 360 2340 Eo
381 2265 457 2366 jam
474 2267 731 2368 Agamemnon
747 2275 893 2347 etNes·
957 2301 960 2312 ·

75 2404 132 2461 tor
143 2415 158 2480 ,¹
171 2409 379 2488 omnesque
394 2380 456 2482 qui
478 2409 523 2456 ex
533 2384 673 2484 origine
693 2386 833 2482 Pelopis
854 2388 893 2461 in

75 2502 211 2582 Gracia
236 2500 464 2602 regnabant,
491 2500 643 2600 cognitis
670 2501 776 2574 rebus
802 2528 893 2575 con·
1005 2517 1007 2521 '
1122 2593 1124 2600 Α

77 2624 264 2696 fluxerant.
278 2615 394 2718 Igitur
407 2632 600 2718 postquam
617 2615 824 2713 Menelaum
836 2620 897 2693 ad.

77 2723 362 2829 venissesciunt,
379 2735 417 2808 in
430 2763 545 2810 unum
563 2750 705 2818 coeunt.
726 2737 770 2810 Et
785 2765 895 2838 quan·

79 2887 188 2962 quam
210 2852 378 2931 atrocitas
403 2852 486 2927 facti
514 2854 559 2926 ad
583 2851 893 2956 indignationem,

78 2969 425 3075 ultumqueinjurias
433 2969 613 3068 rapiebat,
626 2985 747 3045 tamen
755 2999 798 3046 ex
808 2999 894 3048 con·

80 3095 146 3170 cilii
155 3086 507 3189 sententialegantur
517 3085 616 3188 prius
627 3089 897 3190 adTrojamPa·

79 3205 898 3310 lamedes,UlyssesetMeneleus:hisqueman·

79 3330 202 3424 datur,
211 3343 254 3400 ut
266 3324 454 3425 conquesti
468 3323 614 3426 injurias
624 3381 635 3419 ,
647 3321 826 3397 Helenam
837 3381 848 3418 ,
861 3339 897 3399 et

78 3473 154 3550 quae
171 3463 261 3524 cum
276 3445 319 3523 ei
332 3441 479 3544 abrepta
493 3458 592 3520 erent
601 3498 614 3538 ,
632 3453 846 3541 repeterent.
878 3429 882 3438 ¹
