2314 4144
216 315 286 402 ιιι-η’
344 399 345 402 ,
394 355 571 406 curare
599 357 651 404 nr
679 352 828 404 raom.

210 468 339 542 terlicit
354 497 362 538 :
376 497 493 575 neque
503 465 620 542 multo
634 485 715 566 post
728 468 924 554 Philocteta
935 491 1021 544 cum

105 620 109 626 ·
201 585 353 691 paucis,
369 586 422 660 uti
439 604 650 681 curaretur,
664 592 847 661 Lemnum
864 586 1020 662 insulam

209 702 387 777 mittitur:
403 732 561 806 namque
574 705 611 778 in
630 733 670 779 ea
688 703 777 778 sacri
793 701 946 779 Vulcani
958 731 1024 776 an-

195 820 334 895 ’tistites
349 823 545 896 inhabitare
571 825 616 898 ab
635 821 763 898 accolis
784 821 1021 914 dicebantur,

194 939 300 1014 'soliti
317 941 454 1016 mederi
466 915 631 1017 adver‘sus
643 969 779 1037 venena
792 932 1015 1040 hujusmodi.

393 1065 397 1075 ’
434 1068 652 1168 'carun
684 1099 770 1170 xv.
829 1082 832 1088 ’

192 1315 198 1324 ,
257 1223 450 1308 Paridem
470 1245 613 1330 tempus
631 1227 827 1304 Didmedes
847 1243 883 1301 et
906 1226 1023 1328 Ulys-

209 1375 264 1422 ses
288 1349 475 1424 consilium
494 1351 538 1426 de
564 1348 811 1424 interficiendo
832 1347 1023 1420 Palamede

197 1463 358 1560 ineunt,
376 1492 479 1540 more
497 1465 630 1566 ingenii
648 1465 817 1557 humani,
836 1463 932 1565 quod
946 1461 1023 1536 im-

208 1579 344 1654 bellum
357 1583 544 1662 adversum
560 1579 699 1655 dolores
716 1580 852 1674 animi,
870 1597 906 1654 et
926 1579 1022 1676 invi-

175 1697 275 1795 ..diae
286 1698 454 1794 plenum,
469 1699 594 1774 anteiri
607 1699 644 1772 'se
658 1727 678 1770 a
691 1697 839 1773 meliore
853 1698 1019 1790 haudfa5·

193 1810 275 1900 ⁸cile
291 1813 435 1910 patitur.
451 1816 565 1914 Igitur
577 1815 742 1887 simulato
761 1815 858 1914 quod
874 1815 1022 1898 thesaur·

195 1956 292 2026 'rum
315 1946 499 2028 repertum
517 1932 555 2004 in
572 1947 686 2029 puteo·
708 1941 792 2005 c'um
821 1958 866 2006 eo
891 1932 1023 2032 partiri

206 2045 358 2140 vellent,
383 2048 531 2122 remotis
555 2048 681 2147 procul
711 2049 881 2124 omnibus
895 2107 908 2144 ,
935 2078 1020 2149 per-

206 2164 355 2238 suadent
362 2221 374 2260 ‚
382 2166 434 2238 uti
443 2155 520 2264 ipse
526 2165 645 2264 potius
654 2167 885 2244 descenderet
898 2199 908 2242 z
920 2197 1020 2246 eum-

206 2307 278 2380 que
294 2281 381 2354 nihil
395 2285 438 2358 de
452 2283 586 2360 insidiis
599 2300 905 2360 summetuentem
919 2343 933 2382 ,
953 2287 1021 2360 ad-

182 2397 376 2496 aminiculo
385 2399 480 2475 funis
489 2429 593 2474 usum
603 2403 789 2501 deponunt
795 2430 1016 2502 3acpr0pere

138 2508 142 2516 ¹
197 2518 356 2625 {arreptis
373 2520 482 2614 saxis,
492 2522 714 2621 quaecircum
728 2538 847 2615 erant,
860 2523 1017 2620 'desuper

193 2635 375 2734 chritum.
396 2643 449 2710 Ita
466 2639 520 2712 vir
543 2639 703 2738 optimus
724 2656 960 2740 acceptusque
977 2639 1016 2734 in

195 2752 385 2858 exercitu,
399 2755 626 2857 cujusneque
636 2757 824 2832 consilium
832 2784 992 2857 unquam
1000 2813 1013 2852 ,

204 2896 322 2968 neque
340 2871 450 2946 virtus
465 2868 595 2948 frustra
610 2875 700 2966 fuit,
717 2875 978 2964 circumventus
991 2903 1013 2950 a

195 2985 333 3084 quibus
352 2988 503 3064 minime
525 2993 716 3082 decuerat,
735 2991 883 3094 indigno
901 2994 1014 3067 modo

190 3100 349 3194 interiit.
367 3108 437 3180 Sed
456 3108 579 3200 suere,
597 3106 659 3206 qui
676 3107 752 3207 ejus
769 3110 905 3186 consilii
918 3111 1013 3184 haud

202 3228 386 3318 expertem
413 3224 736 3324 Agamemnonem·
757 3228 941 3320 dicerent,
958 3229 1012 3320 ⁷0¹?

193 3363 365 3426 amorem
380 3340 477 3420 ducis
489 3339 527 3418 in
541 3345 759 3442 exerciturm
780 3361 815 3422 et
829 3344 912 3446 quia
929 3369 1013 3444 pars
