2314 4144
237 303 706 396 munumentum·
829 297 877 385 45

317 490 509 573 CAPUT
541 488 626 560 XV.

108 625 880 758 lorrunubibrgisconvenereffliomedes
994 713 997 720 ·

65 769 224 872 bospitio
253 787 403 848 cunctos
433 775 585 873 recipit,
615 777 887 878 necessariaque·

31 925 33 990 2
71 893 214 988 praebet.
243 891 339 965 Dein
369 893 623 994 Agamemnon
649 897 783 995 grande
804 895 883 968 auri

42 1047 46 1062 r
70 1009 209 1106 pondus
222 1008 389 1110 Mycenis
402 1010 632 1108 adportatum
645 1039 711 1110 per
725 1012 883 1115 singulos
995 1063 997 1070 -

71 1125 560 1226 dispertiens,promptiores
569 1130 707 1204 animos
716 1129 883 1204 omnium

69 1245 110 1318 ad
136 1243 277 1318 bellum
304 1246 403 1346 quod
423 1247 636 1344 parabatur,
662 1245 757 1319 facit.
784 1251 883 1321 Turn

69 1363 256 1438 communi
278 1361 426 1437 consilio
445 1389 553 1461 super
573 1361 777 1437 conditione
789 1351 892 1460 proe-'

69 1480 104 1553 lii
114 1539 127 1576 ,
141 1481 398 1586 jusjurandum
411 1480 593 1580 interponi
606 1482 675 1554 hoc
685 1481 796 1554 modo
809 1479 886 1578 pla·
955 1559 958 1566 ,

69 1598 166 1673 cuit:
186 1597 338 1674 Calchas
369 1598 553 1672 Thestoris
578 1598 694 1700 filius,
720 1597 885 1696 praescius

69 1716 301 1810 futurorum,
335 1721 503 1814 porcum
522 1743 664 1790 marem
692 1716 730 1790 in
761 1715 884 1792 forum

69 1835 233 1908 mediur‘n
248 1832 369 1908 afferri
382 1834 502 1934 jubet3
521 1861 631 1934 quem
654 1832 692 1906 in
703 1834 886 1932 duuspar-

70 1967 121 2026 tes
133 1949 478 2044 exsectum‚orienti
491 1943 885 2052 occidentiquedividit‚

71 2067 349 2174 utquesingulos
360 2057 501 2144 nudatis
511 2068 635 2174 gladiis
647 2097 713 2170 per
722 2069 886 2146 medinm

72 2186 221 2262 transm
233 2186 350 2286 jubet.
365 2188 457 2262 Dein
469 2188 703 2264 mucronibus
715 2191 886 2290 sanguine

70 2304 147 2402 rjus
164 2303 312 2396 oblitis,
339 2304 503 2378 adhibitis
520 2306 629 2380 etiam
644 2305 727 2381 'eliis
743 2308 789 2380 ad
805 2333 887 2380 eam

70 2449 148 2498 rem
161 2419 370 2498 necessariis
376 2421 604 2514 ,inimicitias
615 2421 681 2494 sibi
694 2449 778 2495 cum
791 2424 889 2494 Pria-

72 2565 134 2612 mo
162 2565 233 2638 per
257 2536 471 2638 religionem
504 2535 720 2610 confirmant
744 2563 888 2638 :neque

71 2657 169 2754 prius
187 2683 225 2730 se
248 2653 387 2728 bellum
406 2656 631 2749 deserturos,
651 2658 761 2756 quem
782 2653 889 2730 Ilium

71 2765 180 2874 atque
206 2799 322 2847 omne
351 2800 505 2876 regnum
536 2771 719 2846 eruissent.
747 2772 889 2872 Quibus

71 2874 262 2988 perfectis}
275 2915 368 2986 pure
382 2885 488 2984 lauti,
500 2890 656 2961 Martem
670 2901 777 2992 atque
790 2890 891 2962 Cou-

72 3009 233 3084 cordiam
265 3003 392 3080 multis
416 3002 722 3084 immolationibus
740 3003 806 3082 sibi
824 3004 891 3082 ad-

72 3115 315 3232 hospitavere.
