2348 4156
308 341 697 440 nrvnaxsacono.
843 325 909 403 135

101 473 278 548 seminato
302 495 369 571 per
387 470 584 566 mortales,
598 471 693 568 ipsos
719 466 826 543 etiam
850 462 914 564 qui

21 619 22 652 ι
103 583 195 665 haud
208 589 318 692 longe
337 589 519 682 abessent,
534 587 661 661 similia
680 601 741 658 aut
753 581 917 686 graviora

105 707 196 784 hisce
219 722 469 808 sequerentur.
496 709 548 780 Ea
568 720 608 778 ut
629 718 730 779 erant
754 697 885 774 atrocia
902 723 936 791 ,·’

107 825 222 900 cuncti
241 825 338 898 inter
354 849 390 897 se
413 822 508 898 taciti
527 837 694 922 reputare
708 817 849 904 anim03
864 829 917 888 at-

107 969 172 1044 que
193 943 244 1016 ita
266 939 473 1040 exemplum
493 938 701 1042 hujusmodi
723 935 918 1010 abhorren-

108 1076 179 1154 tes,
196 1058 443 1164 indignatione
457 1087 577 1133 rerum
593 1051 809 1156 permoveri.
825 1049 919 1126 Dein

109 1179 208 1254 solito
229 1204 336 1253 more
357 1178 557 1280 perrogatis
572 1176 757 1260 ,seniorum
777 1184 919 1246 senten-

109 1297 181 1390 tiis,
194 1293 277 1394 pari
300 1320 475 1369 consensu
494 1291 660 1368 omnium
671 1346 683 1384 ‚
709 1289 919 1367 Menelaum

112 1415 251 1514 indigne
258 1437 408 1514 passum
417 1416 596 1512 *injuriam
611 1406 815 1483 decernitur
819 1433 831 1494 3
844 1401 921 1510 solo

111 1532 273 1606 omnium
292 1530 510 1604 Antimacho
534 1528 571 1601 in
593 1525 747 1630 gratiam
765 1522 921 1598 Alexan-

21 1647 23 1666 ¹
112 1649 182 1743 dri,
196 1651 389 1725 adversum
407 1646 635 1724 reclamante.
654 1645 712 1720 Ac
722 1639 842 1716 statim
858 1637 922 1738 qui
951 1637 955 1644 ’

114 1767 154 1843 de
169 1767 341 1843 omnihus
354 1765 565 1842 nunciatum
578 1765 623 1837 ad
635 1751 821 1836 Priamum
837 1755 925 1831 mit·-
1014 1748 1024 1754 ⁸

112 1901 291 1980 tenentur,
307 1884 408 1962 electi
428 1886 500 1959 duo
521 1915 529 1955 :
551 1883 660 1986 hique
684 1880 778 1954 inter
798 1892 925 1954 caetera

112 2031 189 2106 quae
205 2005 377 2080 mandata
390 2019 519 2099 erant,
544 2001 653 2078 etiam
675 1999 719 2075 de
740 1995 921 2098 Polydoro

114 2123 255 2216 docent.

312 2284 340 2350 C
355 2283 385 2348 A
399 2282 426 2348 P
440 2277 516 2347 UT
552 2277 589 2342 X
602 2275 639 2340 X
653 2273 671 2336 I
684 2273 724 2338 V„

158 2474 217 2553 ΕΑ
232 2471 296 2544 ubi
310 2496 372 2540 rex
384 2463 538 2562 accepit,
550 2459 707 2562 maxime
719 2468 927 2528 consterna-

24 2645 27 2650 *
116 2606 168 2668 tus
183 2585 250 2663 filii
263 2578 418 2675 nuncio,
434 2592 517 2651 ante
528 2601 591 2648 ora
602 2570 766 2647 omnium
778 2566 925 2641 corruit.

118 2704 259 2784 Deinde
275 2730 295 2774 a
309 2693 620 2780 circumstantibus
633 2689 787 2766 refectus
799 2683 930 2784 paulis-

120 2853 183 2926 per
192 2883 205 2920 ,
221 2821 372 2925 erigitur
388 2848 397 2889 ε
417 2834 526 2918 atque
542 2813 595 2888 ire
606 2811 644 2885 in
657 2806 847 2885 consilium
863 2831 929 2880 cu-

120 2943 221 3042 piens
229 2997 243 3035 ,
256 2941 301 3014 ab
317 2935 453 3042 regulis
471 2929 647 3009 cohibitus
665 2941 728 3002 est.
743 2921 815 3023 Ipsi
827 2949 930 2997 nam-

123 3088 191 3162 que
200 3059 324 3134 relicto
332 3073 434 3158 patre
442 3110 455 3151 ‚
469 3065 686 3130 conventum
704 3045 929 3140 irrumpunt,

123 3179 167 3252 ad
185 3176 226 3252 id
244 3191 387 3275 tempus
406 3199 480 3276 quo
498 3165 734 3248 Antimachus
753 3157 876 3234 multis
891 3156 933 3228 in·

125 3295 379 3371 contumeliam
404 3294 616 3368 Graecorum
641 3275 818 3384 praejactis
841 3295 932 3370 pro-

125 3408 214 3508 bris,
226 3430 306 3489 tum
322 3412 473 3488 demum
488 3404 623 3482 dimitti
634 3393 843 3478 Menelaum
858 3388 933 3488 ajez
