2348 4156
279 324 347 402 168
457 349 631 398 curans
658 351 714 398 nr
740 343 893 398 unorn.

414 521 620 594 CAPUT
655 521 937 592 XXXVIII.

317 672 421 746 Dant
436 673 560 750 diebus
576 675 710 776 aliquot
725 674 762 746 in
771 675 846 748 otio
860 673 974 766 uitis„
988 695 1083 770 pro-
1160 729 1161 734 η

227 887 229 892 Ι
270 786 392 862 ductio
416 789 600 890 utriusque
631 791 805 866 exercitus
828 805 1080 888 praeparatur:

260 904 451 1006 'divisoque
464 907 558 980 inter
570 933 607 981 se
625 933 755 1004 campo
767 964 780 1000 ,
793 907 857 1007 qui
870 906 1012 980 medius
1024 904 1083 979 in-

266 1038 323 1096 ter
337 1025 486 1122 Trojam
501 1041 536 1099 et
554 1051 661 1100 naves
676 1023 882 1124 interjacet,
901 1023 965 1096 ubi
979 1021 1082 1099 tern-
1160 1111 1161 1120 ἵ

239 1157 334 1236 ιῬιιε
354 1141 509 1214 bellandi
529 1141 734 1236 videbatur,
746 1169 878 1246 magna
893 1141 1081 1216 curauni-
1160 1175 1161 1208 1

179 1263 195 1274 “
262 1280 386 1333 versus
406 1259 510 1334 miles
536 1260 728 1335 instructus
754 1259 887 1354 armis,
905 1259 1079 1359 utrinque
1160 1281 1161 1334 1

263 1375 470 1472 procedere.
484 1377 578 1452 Dein
590 1377 692 1479 signo
700 1379 784 1452 dato
789 1377 961 1472 ,densatis
968 1377 1075 1474 fron·
1096 1392 1101 1398 “
1160 1417 1161 1422 =

236 1543 237 1548 κ
262 1492 378 1589 tibus,
392 1495 583 1570 conflixere
596 1495 712 1589 acies,
726 1495 923 1596 composite
936 1492 1075 1602 Graecis

262 1637 304 1685 ec
316 1611 462 1714 singulis
471 1639 538 1716 per
547 1611 835 1687 distributionem
848 1611 999 1712 imperia
1011 1612 1076 1686 du·
1160 1715 1161 1720 ἵ

247 1753 345 1800 ¹cum
372 1729 649 1828 exequentibus3
673 1745 824 1823 contra,
855 1728 930 1803 sine
957 1729 1070 1805 modo

258 1843 498 1940 atqueordine
506 1844 670 1915 Barbaris
678 1845 874 1918 ruentibus.
885 1848 1072 1922 Caeterum

254 1955 294 2028 in
321 1983 362 2028 ea
392 1982 523 2056 pugna¹
540 1957 719 2030 interfecti
744 1956 931 2058 utriusque
959 1963 1074 2058 partis

254 2069 359 2146 multi
381 2070 569 2160 mortales3
586 2097 699 2171 quum
719 2099 836 2172 neque
854 2072 1071 2155 instantibus

138 2255 140 2262 ,
255 2190 459 2281 cederetur,
472 2203 509 2263 et
524 2188 689 2288 exemplo
701 2189 937 2265 strenuissimi
951 2196 1071 2295 cujus·

254 2335 326 2410 que
349 2307 413 2408 qui
432 2307 533 2407 juxta
557 2321 722 2401 steterat,
741 2307 960 2408 aequiparare
984 2313 1070 2415 glo-

252 2425 346 2500 riam
355 2424 548 2500 festinaret.
560 2425 710 2500 Interim
721 2425 897 2502 vulnerati
910 2428 1067 2530 graviter

253 2571 299 2620 ex
306 2544 456 2618 ducibus
464 2545 558 2620 bello
568 2545 739 2622 decedere
749 2546 863 2631 coacti
875 2561 956 2619 suut
962 2549 1066 2640 ,Bar-

251 2661 444 2756 barorum,
469 2666 621 2759 AEneas,
645 2665 854 2764 Sarpedon,
879 2665 1064 2761 Glaucus,

224 2805 227 2812 ’
250 2777 415 2854 'Helenus
421 2781 659 2880 ,Euphorbus
665 2782 911 2883 ,Polydamas;
922 2797 1064 2859 nostro·

249 2919 355 2994 rum,
368 2896 537 3002 Ulysses,
556 2899 758 2992 Meriones,
775 2898 957 2974 Eumelus.
981 2969 983 2975 ,
1003 2989 1010 3001 Δ

419 3093 623 3166 CAPUT
657 3093 886 3206 XXXIX.

243 3267 269 3302 ‘¹
296 3264 494 3338 Cnnnnun
513 3265 697 3342 Menelaus
719 3267 814 3346 forte
835 3273 1060 3371 conspicatus

248 3369 1060 3498 'allexandrummagnoimpetuintuimquem
