2360 4142
264 263 340 331 320
452 269 631 334 cunnus
658 285 714 334 ne
741 285 892 334 rnorx.

268 397 358 471 viter
372 397 498 495 proeli'o
518 383 706 478 decedunt.
731 402 774 473 In
794 424 868 502 quo
883 395 979 472 bello
996 395 1086 468 An-

267 510 419 586 tilochus
432 515 596 592 Nestoris
610 517 735 594 obvius
753 516 847 591 forte
867 509 1085 602 Memnoni,

265 626 490 706 interficitur.
519 635 679 736 Moxque
705 633 821 734 Ajax,
844 632 908 706 ubi
934 647 1087 727 tempus

267 742 385 820 visum
411 766 481 842 est,
509 749 604 827 inter
625 767 817 852 utramque
847 748 962 824 aciem
976 755 977 759 ’
990 772 1088 845 pro·-

269 889 426 964 gressus,
451 865 587 940 lacessit
612 894 760 968 regem,
786 866 956 964 praedicto
981 863 1089 963 prius

272 979 396 1084 Ulyssi
412 997 448 1056 et
462 983 677 1077 Idomene0,
694 1011 715 1056 a
733 983 867 1058 caeteris
887 998 942 1054 uti
952 1009 992 1055 se
1019 983 1090 1056 de-

269 1099 469 1174 fenderent.
482 1101 597 1210 Igitur
607 1101 783 1176 Memnon
795 1099 858 1174 ubi
873 1100 919 1172 ad
933 1125 970 1172 se
982 1099 1090 1172 tendi

268 1215 387 1311 videt,
414 1243 523 1290 curru
551 1215 689 1310 desilit,
718 1215 950 1318 confligitque
971 1215 1089 1314 pedes

269 1361 355 1424 cum
370 1336 482 1438 Ajace
489 1391 503 1432 ,
518 1363 654 1440 magno
664 1336 849 1450 utriusque
862 1332 970 1434 partis
980 1347 1087 1408 metu

253 1461 379 1554 'etque
409 1455 683 1555 exspectatione.
718 1445 818 1531 Tum
850 1453 923 1528 dux
944 1467 1088 1526 ‘noster

254 1568 414 1648 ‘'summa
427 1572 462 1650 vi
474 1575 674 1649 umbonem
690 1573 781 1649 scuti
795 1576 872 1672 ejus
883 1561 954 1647 telo
970 1570 1008 1643 in
1024 1569 1088 1643 ali·

253 1697 448 1792 ‘quantum
457 1692 616 1766 foratum
623 1691 809 1795 ,gravibus
817 1708 924 1793 atque
932 1686 1085 1764 summis

269 1807 449 1881 viribus'
437 1835 607 1940 ingruens
636 1809 804 1941 impulit,
832 1809 1009 1907 vertitque
1045 1808 1086 1882 in

252 1921 370 1993 ²latus:
386 1925 517 2020 Quo
481 1950 579 2032 viso,
598 1926 691 2032 regis
708 1925 858 1997 comites
871 1949 1086 2019 accurrere,

250 2034 420 2136 *Ajacem
434 2037 621 2112 exturbare
636 2021 749 2128 nitent
751 2066 799 2116 es.
814 2041 914 2116 Tum
926 2041 1087 2116 Achilles

252 2151 542 2229 '‘ubraBarbans
554 2155 726 2234 mtercedl
737 2159 834 2236 v1det
841 2217 854 2256 ,
869 2161 988 2262 pergit
1001 2187 1088 2240 con·
1171 2219 1172 2260 ,

257 2289 349 2368 tra,
381 2287 417 2348 et
444 2273 622 2356 nudatum
648 2291 748 2356 scuto
776 2276 887 2354 hostis
917 2274 1084 2382 jugulum
1171 2263 1172 2332 Ῑ

255 2393 370 2468 nasta
387 2392 574 2496 transfigit.

467 3023 712 3122 gonnor
746 3033 858 3106 vir.⁴

191 3204 194 3208 '
262 3270 267 3286 ς
323 3201 392 3274 Im
411 3211 538 3298 praeter
551 3223 652 3298 spem
668 3197 859 3281 interfecto
872 3210 1100 3312 Memnone,

274 3315 386 3392 animi
402 3317 559 3410 hostium
585 3337 878 3421 commutantur,
899 3343 934 3404 et
955 3331 1084 3412 Graecis
