2314 4144
176 346 178 350 ’
257 339 311 418 >56
445 367 619 424 auseae
648 325 882 427 neruosa.

263 505 346 562 rum
354 534 366 572 ,
381 507 491 579 quam
504 480 670 578 promissi
683 480 770 554 fides
784 482 996 579 impleretur
1004 471 1015 572 ;'
1029 479 1079 554 ob

266 579 348 696 quae
365 597 573 691 festinaret,
604 625 756 698 eamque
782 615 819 672 et
845 627 924 699 quoej
944 594 1080 696 nuptiis
1129 597 1130 602 ’

265 713 345 785 usui
354 731 468 786 essent
475 730 615 788 mature
622 715 792 788 mitteret.
805 719 978 789 Praeterea
985 711 1080 787 mul-

266 845 302 902 ta
325 857 392 926 pro
414 819 560 932 negotio
585 832 751 926 locutus,
777 832 951 910 ementito
967 849 1081 932 argu-

241 949 391 1020 ¹mento
418 947 527 1019 fidem
554 949 698 1022 fecerat.
738 951 827 1050 Quae
855 951 917 1048 ubi
943 947 1081 1046 accepit

266 1063 530 1162 Clytemnestra
544 1120 556 1157 ,
575 1091 658 1138 cunr
672 1081 822 1163 propter
835 1067 987 1168 gratiam
999 1067 1082 1138 He·

267 1179 373 1271 lenae,
387 1195 467 1251 tum
481 1180 638 1253 maxime
653 1182 751 1280 quod
765 1198 839 1256 tam
856 1179 1082 1256 celeberrimi

268 1295 425 1368 nominis
449 1296 526 1369 viro
551 1296 622 1368 filia
644 1288 864 1393 traderetur,
885 1298 962 1370 laeta
977 1297 1082 1395 lphi-

269 1413 412 1512 geniam
429 1414 551 1514 Ulyssi
565 1399 774 1490 committit]
793 1421 898 1516 Isque
915 1415 1083 1492 confecto
1129 1413 1130 1420 ἵ

268 1529 415 1629 negotio
422 1584 434 1621 ,
457 1530 577 1626 paucis
597 1531 787 1620 diebus-ad
807 1531 1002 1606 exercitum
1023 1558 1085 1607 re*

269 1648 421 1722 vertitur
434 1703 445 1739 ‚
461 1663 568 1744 atque
583 1673 627 1718 ex
639 1647 835 1744 improviso
848 1647 885 1726 in
898 1648 979 1722 luco
991 1649 1085 1722 Dia-

269 1791 322 1836 nae
341 1791 425 1837 cum
443 1764 580 1864 virgine
598 1764 823 1860 conspicitur.
842 1765 982 1864 Quibus
995 1793 1089 1870 cog·

271 1878 1001 1980 nitis‚Aganremnonaffectionepatemae
1009 1882 1089 1979 pie·

270 1995 351 2072 tatis
367 2012 505 2090 motus,
528 2024 569 2072 ac
588 2023 633 2072 ne
657 2011 731 2069 tam
752 1995 887 2074 inlicito
907 1996 1088 2075 immola-

268 2115 375 2188 tionis
384 2111 839 2214 scele1·iinteresset,fugam
848 2129 961 2211 parat.
972 2119 1090 2210 Eum,

270 2262 309 2309 re
325 2226 479 2335 ¹cognite
487 2291 499 2328 ,
516 2235 651 2307 Nestor
661 2287 671 2324 ,
681 2233 831 2332 ¹longam
845 2257 989 2307 exorsus
1002 2259 1090 2308 ora·

149 2371 152 2378 '
270 2350 428 2444 tionem,
455 2352 501 2424 ad
516 2364 743 2448 postremum
760 2349 995 2452 persuadendi
1022 2378 1090 2451 ge·

270 2495 357 2544 nere
365 2526 377 2563 ,
395 2469 434 2541 in
451 2496 524 2569 quo
537 2484 665 2566 praeter
677 2447 820 2542 caeteros
834 2467 976 2542 Graeciae
988 2467 1090 2542 viros

271 2587 448 2688 jucundus
468 2602 704 2688 acceptusque
730 2603 805 2662 erat
816 2640 830 2679 ‚
856 2613 876 2657 a
897 2585 1089 2685 proposito

202 2757 237 2768 „
271 2699 447 2780 cohibuit.

500 2989 693 3092 culpor
732 2991 854 3067 xxr.

321 3177 490 3252 {naama
502 3173 679 3274 virginem
692 3171 840 3273 Ulysses
854 3187 890 3244 et
904 3170 1093 3246 Menelaus

274 3312 368 3374 cum·
380 3284 588 3382 Calchante,
614 3289 743 3390 quibus
760 3289 797 3362 id
816 3287 1004 3389 negotium
1024 3290 1092 3362 da-

274 3427 356 3490 tum
367 3425 443 3490 erat
451 3463 465 3507 ,
481 3404 630 3492 remotis
642 3405 768 3516 procul
780 3402 971 3503 omnibus,
984 3404 1098 3486 sacri-
