2314 4144
286 309 354 432 i24
462 357 909 414 onanaannrno1a.'

279 463 499 570 dictis-cripit}
520 461 644 574 Itaque
658 457 829 550 habentes
846 447 1096 581 Polydoritm,

278 589 325 662 ad
338 589 516 687 Trojanos
527 589 686 665 veniunt.
707 593 777 667 sed
789 593 852 665 ubi
865 591 1094 665 animadver-
1154 593 1155 596 ’

275 717 355 778 tere
366 707 556 804 populares
562 697 788 802 ,'electos,ac
798 709 922 811 magni
933 705 1093 783 nominis

275 821 374 897 viros
389 823 619 916 adventasse,
637 850 791 922 propere
812 852 913 900 senes
935 851 1093 916 omnes,

276 965 436 1040 quorum
461 939 649 1017 consilium
675 941 798 1016 haberi
826 941 971 1017 solitum
990 955 1092 1033 erat,

278 1057 317 1130 in
339 1075 455 1130 onom
480 1058 640 1149 ducunt,
661 1057 806 1130 Priamo
835 1085 856 1128 a
880 1057 962 1130 filiis
990 1056 1092 1130 domi

279 1189 432 1266 retento.
446 1175 561 1276 Igitur
575 1173 721 1275 reliquis
738 1169 971 1272 praesentib'us
986 1175 1094 1250 Grae-

280 1291 408 1368 corum
429 1292 619 1367 ¹Menelaus
645 1293 754 1369 verba
780 1292 865 1367 facit
894 1293 1093 1367 :Secundo

257 1459 260 1466 ,
279 1409 406 1510 -jam'se
424 1409 472 1483 ob
485 1409 652 1485 eamdem
667 1433 811 1484 causam
827 1407 992 1501 venisse,
1010 1419 1093 1482 cum

280 1525 396 1601 multa
407 1526 480 1600 ¹alia
499 1526 688 1602 advorsum
702 1525 976 1626 sodomamque
992 1549 1093 1628 suam

190 1623 198 1648 ⁸
257 1691 259 1695 v
282 1641 458 1736 admissa,
479 1657 558 1716 tum
583 1657 719 1742 magno
746 1668 832 1717 curn
852 1641 993 1743 gemitu
1011 1639 1093 1713 filiae

282 1757 473 1850 orbitatem
499 1785 566 1856 por
589 1751 787 1831 absentiam
817 1758 984 1860 conjugis
1010 1783 1095 1834 con-

283 1868 386 1969 queri
402 1897 410 1937 :
426 1893 507 1969 quae
521 1885 646 1946 cuncta
661 1873 707 1944 ab
720 1871 838 1946 amico
856 1874 1045 1969 quondam
1062 1887 1096 1947 et

230 1979 233 1986 ¹
282 1982 450 2081 hospite,
469 2009 542 2058 non
565 1985 762 2060 secundum
787 1987 962 2062 meritum
987 2016 1093 2066 suum

283 2101 451 2180 evenisse·
466 2103 516 2178 Ea
528 2099 684 2174 seniores
695 2101 952 2182 lamentatione
965 2107 1096 2182 immo

283 2220 362 2302 dicai
376 2247 459 2297 cum
477 2218 644 2321 lacrymis
662 2218 897 2318 accipientes,
910 2223 957 2298 ad
972 2223 1095 2300 omnia

282 2363 365 2439 quae
383 2338 428 2412 ab
445 2363 488 2412 eo
505 2336 732 2431 dicebantur,
751 2353 924 2442 tanquam
945 2339 1090 2449 injurie

280 2455 759 2560 ejusparticipes,annuere.

504 2611 704 2726 canor
737 2611 863 2728 nxr.
971 2615 975 2622 ’

246 2841 248 2848 ·
325 2805 426 2877 Posr
444 2829 522 2904 quae
541 2803 688 2906 Ulysses
705 2805 845 2882 madius
858 2805 998 2883 adstans
1018 2807 1086 2880 hu·

228 2955 232 2970 ·
275 2920 475 3020 juscemodi
484 2923 684 2997 orationem
701 2922 834 2994 habuit.
853 2955 872 2995 a
888 2926 1008 3002 Credo
1021 2945 1086 3024 ego

274 3069 294 3109 n
315 3062 400 3128 vos,
415 3039 565 3136 Trojani
589 3035 789 3134 principes,
813 3043 896 3117 satis
920 3067 1084 3141 comper-

276 3187 296 3228 a
313 3169 392 3229 tum
405 3153 537 3226 habere
547 3206 561 3245 ,
574 3149 663 3224 nihil
673 3167 809 3232 temere
819 3159 983 3255 Graecos,
996 3153 1083 3232 nihil

153 3318 156 3325 -
274 3304 293 3344 »
312 3267 554 3346 inconsultum
567 3267 730 3366 incipere
739 3265 869 3366 solere,·
888 3304 928 3351 ac
942 3297 1083 3372 semper
1146 3301 1147 3308 ¹

209 3435 227 3454 ,.
272 3420 299 3468 a.
318 3389 373 3470 his
383 3389 458 3496 jam
470 3388 1083 3496 tumamajoribusprovisumatque
1145 3411 1146 3464 t
