2260 4152
229 314 290 365 nr
317 285 539 362 n’nnrnon
566 301 692 364 oraro:
847 277 870 356 5

41 441 186 504 reuntes
202 453 327 526 quum
343 419 438 498 hanc
454 424 645 522 vidissent,
663 425 872 498 thesaurum

44 547 135 640 rati,
157 539 364 644 sepulchro
383 534 602 617 absttderunt
620 571 629 614 ε
648 557 683 616 et
695 544 821 640 aperti
834 541 876 614 eb

47 661 274 738 invenerunt
311 659 405 733 tilias
439 658 627 762 incognitis
652 658 718 734 sibi
751 655 878 732 litteris

48 777 276 877 conscriptas
292 810 301 850 :
318 775 562 876 continuoque
575 776 621 850 ad
634 767 741 850 snum
753 773 878 850 domi-

49 893 417 992 num‚Eupraxidem
424 893 619 992 quemdam
627 893 790 986 nomine,
799 920 879 991 per-

51 1013 218 1087 tulerunt
235 1030 244 1083 :¹
261 1008 475 1112 qui'agnitas
492 1039 656 1112 quaenam
674 1027 809 1105 essent,
822 1009 880 1085 lit-

54 1143 150 1206 teras
162 1127 307 1205 Rutilio
326 1127 428 1204 Rufo
454 1127 546 1202 illius
559 1128 678 1202 insulae
691 1129 781 1204 'tunc
794 1157 880 1229 con-

57 1247 167 1322 sulari
181 1245 328 1320 obtulit.
344 1243 507 1318 Illarum
520 1249 723 1342 Eupraxide
742 1249 791 1322 ad
805 1250 883 1323 Ne-

57 1392 190 1440 ronem
208 1363 331 1438 oblata
353 1361 421 1434 sibi
442 1363 658 1456 transmisit,
679 1365 882 1440 existimans

59 1484 228 1584 quaedam
249 1481 288 1554 in
310 1479 368 1554 his
381 1481 569 1555 secretiora
589 1482 777 1557 contineri.
795 1487 883 1558 Haec

62 1601 175 1704 igitur
188 1625 308 1700 quum
321 1599 424 1674 Nero
437 1599 649 1697 accepisset,
662 1601 886 1682 advertisset-

65 1743 134 1818 que
156 1715 309 1816 punicas
334 1741 410 1790 esse
429 1715 585 1810 litteras,
610 1717 737 1792 harum
750 1718 887 1817 peritos¹

63 1835 163 1906 adse
180 1831 371 1908 evocavit:
397 1831 458 1932 qui
471 1860 585 1933 quum
607 1835 809 1930 venissent,
829 1837 885 1910 in-

65 1951 255 2051 terpretati
280 1965 367 2024 sunt
395 1951 526 2024 omnia.
562 1953 759 2054 Quumque
783 1956 886 2030 Nero

67 2069 318 2173 cognovisset,
340 2065 478 2169 antiqui
496 2061 564 2144 viri
582 2071 655 2145 haec
668 2099 742 2145 esse
756 2099 887 2146 monn·
912 2113 915 2120 ·

68 2202 217 2280 menta,
247 2185 311 2286 qui
331 2185 429 2283 apud
447 2185 554 2260 Ilium
579 2187 714 2281 fuerat,
735 2190 836 2288 jussit
849 2190 887 2262 in
955 2261 957 2265 Α

68 2331 230 2408 graecum
245 2327 453 2376 sermonem
466 2303 532 2376 ista
548 2305 734 2378 transferri
752 2339 760 2380 ε
777 2333 796 2380 e
814 2306 889 2405 qui·

68 2425 139 2496 bus
160 2420 312 2522 Trojani
338 2418 421 2493 belli
448 2420 567 2498 verior
591 2435 707 2494 textus
722 2422 889 2497 innotuit.
1000 2440 1010 2452 ⁸

73 2543 182 2612 Tunc
200 2535 447 2634 Eupraxidem
467 2535 678 2608 muneribus
694 2552 730 2609 et
742 2543 891 2617 romana

71 2642 216 2729 civitate
233 2652 412 2727 donatum
426 2652 472 2726 ad
484 2652 631 2750 propria
643 2654 792 2728 remisit.
810 2660 890 2730 An·-

74 2772 170 2846 nales
192 2796 282 2848 vero
306 2768 457 2843 nomine
484 2771 609 2872 Dictys
627 2771 835 2871 inscriptos3
854 2776 892 2854 in

76 2917 228 2992 graecarn
258 2885 517 2962 bibliothecam
546 2889 689 2987 recepit.
724 2893 894 2992 Quorum¹

75 3008 223 3106 seriem,
236 3005 305 3110 qui
319 3004 482 3106 sequitur
495 3020 631 3107 textus,
647 3009 811 3088 ostendit
