2348 4156
322 387 487 442 nitas
524 379 746 444 saconia?
867 367 937 442 163

119 496 204 594 ‚don
221 495 372 572 Xantho
388 497 528 598 genitus
541 515 660 573 rector
671 499 941 601 Lyciorum,ex
993 493 998 499 ’

130 615 278 690 Solemo
301 645 310 685 ε
331 616 461 690 Nastes
487 631 525 690 et
549 617 835 714 Amphimachus
861 619 965 692 No«.

132 730 265 804 mionis
290 731 337 806 de
364 728 469 807 Caria
485 763 493 802 ε
509 733 690 831 Antiphus
714 749 750 808 ct
773 734 943 808 Mesthles
1037 809 1039 814 ,

133 846 298 949 genitore
326 848 557 950 Pylaemene,
582 851 727 926 Maeonii
753 883 761 922 :
789 850 942 926 Glaucus
968 937 971 942 ¹

132 959 355 1062 Hippolochi
370 967 501 1068 Lycius
509 997 521 1058 ς
538 997 648 1070 quem
661 970 728 1044 sibi
739 971 943 1068 Sarpedon,

133 1082 233 1182 quod
245 1097 372 1180 praeter
384 1100 528 1159 caeteros
540 1087 695 1186 regionis
709 1086 785 1186 ejus
797 1079 944 1162 consilio

132 1216 241 1300 atque
254 1201 362 1276 armis
375 1201 533 1300 pollebat
542 1257 554 1296 ,
570 1202 781 1302 participem
797 1195 944 1280 bellica·-

133 1343 217 1394 rum
235 1346 357 1392 rerum
375 1318 569 1394 adsciverat
585 1352 592 1390 :
608 1320 766 1420 Phorcys
782 1337 818 1396 et
830 1323 945 1395 Asca-

112 1451 114 1456 '
131 1433 214 1508 nius
226 1436 387 1538 Phryges
402 1465 410 1506 :
427 1436 599 1512 Chromis
610 1435 787 1529 Midonis,
801 1463 845 1510 ex
857 1439 946 1512 Moe·

130 1551 184 1634 sia
201 1583 209 1622 ε
226 1554 449 1656 Pyraechmes
464 1554 549 1637 Axii
570 1555 731 1634 Paeonius
745 1584 753 1624 :
765 1553 945 1652 Amphius

133 1686 170 1744 et
181 1671 355 1744 Adrastus
369 1675 520 1770 Merope
535 1672 667 1771 geniti,
678 1700 719 1747 ex
735 1670 943 1746 Adrestina:

133 1788 239 1861 Asius
264 1788 418 1889 Hyrtaei
443 1792 577 1864 Sesto:
611 1788 694 1863 dein
724 1789 812 1863 alius
839 1788 946 1864 Asius

131 1909 313 2006 Dymante
341 1907 511 2007 genitus,
542 1909 702 1982 Hecubae
728 1907 875 2001 frater,
902 1935 947 1982 ex

131 2023 298 2124 Phrygia.
313 2025 393 2097 Hos
405 2050 532 2098 omnes
542 2052 632 2126 quos
640 2024 927 2100 memoravimus
935 2079 947 2120 ,

132 2141 243 2214 secuti
254 2139 360 2240 multi
372 2141 540 2216 mortales
553 2143 743 2220 inconditis
756 2143 919 2219 moribus
932 2196 945 2233 ,

131 2285 172 2332 ac
190 2256 324 2358 dispari
346 2281 434 2331 sono
456 2257 576 2348 vocis,
600 2258 676 2328 sine
698 2256 772 2328 ullo
795 2254 947 2347 ordine,

130 2389 191 2448 aut
204 2371 317 2448 modo
330 2371 454 2468 proelia
465 2368 555 2441 inire
571 2365 676 2441 s'oliti.

312 2564 518 2636 CAPUT
554 2565 777 2636 XXXVI.

181 2725 317 2826 Quon
346 2716 410 2791 ubi
424 2716 550 2796 ¹nostri
574 2716 883 2811 animadvertite,
909 2717 948 2792 in

132 2865 303 2940 campum
328 2833 533 2937 progressi,
551 2861 654 2910 more
678 2835 813 2909 militiae
831 2835 947 2911 aciem

133 2960 316 3050 ordinant,
329 2953 504 3057 magistro
514 2981 555 3028 ac
567 2971 789 3054 praeceptore
802 2981 948 3055 compo-

134 3075 242 3152 nendi
274 3072 465 3146 Mnestheo
497 3071 711 3147 Atheniensi
740 3102 748 3144 :
779 3073 946 3148 ordinant

134 3211 254 3271 autem
262 3217 328 3292 per
341 3203 463 3292 gentes
474 3205 580 3294 atque
594 3190 757 3294 regiones
769 3190 943 3291 singulas,

135 3337 294 3389 seorsum
309 3323 479 3381 manente
493 3309 630 3384 Achille
648 3335 732 3406 cum
744 3305 946 3407 Myrmido-

136 3456 225 3506 num
242 3426 409 3504 exercitu.
428 3427 463 3499 Is
480 3453 637 3528 namque
655 3448 878 3528 quamquam
897 3422 947 3496 oh
