2348 4156
212 341 280 420 188
386 362 567 416 onnnnn
595 361 650 412 nr
677 357 829 411 rnorr.

206 505 337 582 equos,
352 478 466 581 regias
482 503 589 578 opes,
609 489 645 550 et
665 475 711 550 ad
725 488 951 572 postremum
963 463 1016 544 uti

206 593 363 696 quidque
376 620 453 670 sors
469 589 614 671 dederat
627 645 639 686 ,
655 587 875 691 praeripiunt

395 788 600 862 error
637 753 834 860 ωτι.

225 983 230 992 -
254 939 343 1016 Hoc
357 935 468 1017 modo
487 915 639 1017 victores
661 937 765 1040 Graji
790 934 914 1014 deletis
941 963 1029 1017 cum
1159 989 1160 1046 ἦ

207 1061 429 1156 Imperatore
443 1058 662 1154 Thracibus,
678 1057 798 1134 onusti
821 1057 945 1156 praeda
971 1075 1031 1132 at-

209 1202 280 1278 que
313 1175 486 1272 victorie,
521 1177 569 1251 ed
600 1202 708 1256 nares
738 1171 988 1278 digrediuntur
1017 1205 1026 1249 ι

177 1381 181 1384 ,
211 1319 326 1396 quum
349 1292 497 1370 interim
518 1294 670 1397 Troiani
691 1323 735 1370 ex
752 1294 866 1368 muris
886 1318 1030 1394 respec⁴
1159 1335 1160 1394 3

211 1407 1030 1512 tantesnequicquam,prosociisintramoenia
1159 1421 1160 1434 ³

212 1543 335 1604 tomen
350 1525 579 1620 trepidarent.
600 1526 716 1626 Igitur
728 1525 876 1610 Barbari
889 1539 942 1600 tot
957 1524 1032 1625 jam

212 1641 366 1720 adversis
378 1639 486 1712 rebus
498 1639 620 1734 fracti,
633 1639 770 1741 legatos
779 1640 939 1716 inducias
954 1664 1036 1739 pos·

214 1757 367 1829 tolentes
379 1752 424 1824 ael
437 1757 580 1828 Graecos
595 1755 756 1828 mittunt.
776 1759 833 1830 nc
848 1782 935 1830 mox
948 1783 1037 1829 nos-

214 1870 279 1944 tris
294 1865 537 1944 conditionem
551 1869 852 1966 approbantibus,
868 1869 1037 1970 interpo-

119 2070 129 2074 ,
216 1985 284 2060 sito
302 1982 472 2071 sacrificio
494 1981 608 2056 fidem
623 1981 717 2080 pacti
738 1981 940 2061 firmavere.
958 1989 1038 2062 Eo-

217 2102 302 2176 dem
323 2099 398 2172 fere
416 2099 768 2201 temporeChryses,
783 2127 894 2201 quem
916 2129 1038 2182 sacer-

219 2217 341 2292 dotem
361 2211 529 2306 Sminthii
545 2214 720 2320 Apollinis
734 2243 841 2317 supra
854 2246 1040 2310 memora-

220 2335 338 2412 vimus
346 2389 360 2427 ‚
377 2332 423 2406 ad
445 2333 643 2410 exereitum
660 2333 756 2414 renit
770 2350 892 2410 actum
909 2339 1041 2442 gratias

220 2445 328 2552 snper
343 2453 421 2549 his,
440 2481 518 2555 quer
530 2451 569 2528 in
585 2480 622 2528 se
641 2468 783 2553 recepta
797 2453 869 2528 filia
884 2456 1041 2560 benigne

221 2567 266 2640 ab
279 2571 408 2642 nostris
423 2587 519 2674 gesta
535 2587 636 2646 erant
652 2605 659 2646 :
675 2571 723 2646 ob
739 2599 817 2672 quae
833 2586 907 2646 tam
922 2573 1043 2653 hono-

223 2685 323 2760 rifica
332 2742 344 2781 ,
363 2687 470 2760 simul
490 2690 590 2788 quod
607 2692 835 2792 Astynomen
850 2688 1044 2765 liberaliter

224 2805 383 2878 habitam
417 2823 654 2908 cognoverat,
692 2808 877 2881 reductam
902 2823 1041 2886 'seeum

227 2923 495 3026 Agamemnoni
517 2926 637 3000 tradit.
661 2926 791 3022 Neque
814 2923 931 2998 multo
960 2944 1043 3025 post

229 3041 421 3117 Philocteta
436 3069 522 3118 enm
535 3044 588 3116 his
596 3099 608 3136 ‚
623 3039 685 3140 qni
701 3053 843 3137 partem
857 3043 983 3140 praedae
996 3046 1043 3121 ad

178 3231 182 3234 .
231 3188 317 3235 eum
329 3163 732 3260 partirer-nnmerum
752 3159 974 3261 regreditur,
988 3163 1044 3238 in-

231 3279 366 3354 validus
376 3280 486 3360 etiam
497 3292 724 3384 tum,neque
733 3277 816 3354 satis
827 3277 933 3352 firmo
944 3307 1046 3383 gres·¹

232 3408 284 3470 su.
408 3469 414 3480 ,
625 3433 628 3440 ·
729 3429 731 3434 ,
854 3419 870 3437 -·
915 3417 920 3424 ·
964 3439 968 3446 -
