2314 4144
263 303 312 394 44
449 303 628 374 everrit
656 321 710 370 ne
736 305 893 370 ‘enom'

502 495 693 590 CAPUT
727 497 840 564 xvr.
925 473 928 478 ’

313 659 417 739 Deire
434 662 473 737 in
485 661 622 762 templo
634 662 787 738 Junonie
801 660 943 765 Argivae
959 671 1068 734 recta⁴

260 809 344 856 rem
358 777 522 856 omnium
537 781 707 856 declarari
717 779 860 880 placuit.
880 778 992 882 Igitur
1004 773 1069 849 sin-

265 899 341 1001 guli
354 899 392 973 in
408 887 572 994 tabellisp
581 925 669 1000 quas
683 900 729 974 ad
746 898 977 1000 deligendum
992 891 1070 969 belli

265 1017 487 1118 principem,
499 1044 609 1119 quem
623 1015 752 1119 cuique
764 1017 964 1113 videretur,
977 1039 1070 1090 acce-

265 1152 414 1235 perant,
437 1135 574 1235 punicis
587 1134 713 1210 litteris
725 1162 862 1212 nomen
879 1139 1071 1238 Agamem·
1104 1169 1105 1172 ¹

266 1253 370 1328 nonis
383 1255 580 1356 designant.
611 1257 664 1329 Ita
691 1282 866 1332 consensu
881 1252 1070 1343 omnium,

267 1371 433 1446 secundo
452 1399 621 1468 rumore,
651 1399 833 1448 summam
858 1371 942 1449 belli
969 1386 1071 1471 atque

268 1489 442 1565 exercitus
452 1490 490 1566 in
502 1491 714 1590 sespscipit:
730 1492 918 1593 quodeict
930 1503 1073 1591 propter

268 1634 483 1710 germanum
490 1665 503 1704 ‚
513 1609 733 1710 cujus-gratia
744 1606 881 1687 bellum
887 1609 924 1684 id
931 1606 1074 1708 paraba-

269 1741 349 1818 tur,
364 1741 401 1800 et
413 1743 563 1824 propter
574 1753 745 1830 magnam
759 1753 875 1826 opum
886 1727 979 1823 vim,
996 1723 1074 1827 qui-

267 1841 335 1914 bus
346 1857 475 1938 prater
486 1858 633 1918 caeteros
647 1843 791 1918 Graeciae
808 1869 910 1945 reges
926 1865 1075 1945 magnus

268 1958 727 2059 atqueclarushabebatur,
743 1961 1073 2037 merito'acciderat.
1104 2027 1105 2030 ,

269 2073 364 2156 Dein
387 2077 495 2154 duces
516 2077 774 2180 praefectosque
790 2076 937 2154 nerium
953 2077 1077 2155 Achil-

157 2243 158 2248 ,
270 2197 371 2292 lem,
400 2199 551 2300 Ajacem
581 2211 617 2272 et
649 2198 855 2274 Phoenicem
889 2197 1074 2284 destinant.

270 2319 530 2416 hmponuntur
555 2319 664 2390 etiam
691 2314 882 2416 campestri
913 2311 1079 2392 exercitui

210 2524 213 2529 Ι
272 2433 479 2508 Palamedes
505 2461 590 2509 cum
615 2433 792 2510 Diomede
814 2448 849 2509 et
867 2433 1020 2536 Ulysse‚
1034 2431 1079 2504 ita

273 2568 314 2626 ut
334 2553 429 2626 inter
448 2579 486 2627 se
507 2549 676 2645 diurnas,
700 2553 976 2654 vigiliarumque
992 2550 1080 2629 vices
1104 2535 1105 2540 ¹

273 2669 493 2768 dispertiant.
524 2668 594 2743 His
622 2669 798 2768 peractis,
832 2670 878 2742 ad
910 2669 1081 2770 parandas

274 2812 360 2886 opes
385 2777 493 2888 atque
518 2787 754 2861 instrumenta
775 2784 909 2862 militiae
921 2844 933 2884 ‚
956 2784 1082 2890 singuli

273 2901 380 2975 suain
390 2931 500 3006 regna
510 2904 707 2980 discedunt.
718 2902 1081 2982 lnterimbellistudio

273 3019 420 3094 ardebat
432 3022 551 3096 omnis
570 3019 705 3096 Gracia
716 3049 724 3091 τ
737 3048 858 3116 arma,
875 3023 967 3117 tela,
982 3020 1081 3124 equi,

274 3140 595 3240 naves,atquehaec
607 3137 729 3213 omnia
742 3155 820 3214 toto
837 3141 983 3216 biennio
996 3167 1082 3240 prae·

274 3271 445 3354 parantur
479 3286 488 3327 ε
521 3283 635 3356 quum
664 3254 831 3355 juventus
859 3257 994 3354 partim
1023 3260 1082 3331 sut

271 3389 398 3472 sponte
410 3429 423 3470 ,
438 3373 496 3448 alii
507 3373 698 3476 aequalium
714 3376 760 3452 ad
772 3375 928 3479 gloriam
941 3375 1082 3452 aemula·
