2348 4156
317 309 738 366 ‚urvnusncow
861 293 925 382 145
996 282 1017 362 J

104 449 128 494 n
145 420 244 498 citias
268 422 365 496 haud
389 423 573 526 integrum
601 423 703 499 vohis
739 438 803 498 est.
835 427 926 500 Date

109 567 129 616 n
149 537 259 640 igitur
271 537 356 612 belli
367 538 511 641 signum
520 594 531 633 ‚
546 554 655 641 atque
668 555 708 616 ut
721 539 760 614 in
772 540 927 618 inferen-
975 540 978 545 ’

109 685 130 746 n
151 654 204 740 dis
223 655 382 756 injuriis,
399 657 448 730 ita
467 656 559 740 etin
581 657 782 733 inchoando
802 658 926 756 proelio

109 802 129 850 u
148 771 209 853 lite
228 788 398 863 autores;
421 797 486 852 nos
507 799 703 875 sequemur
719 773 881 850 lacessiti.
904 806 924 846 u

110 891 258 968 Talibus
279 891 435 971 invicem
454 891 677 992 consumptis
708 893 852 987 verbis,
875 894 928 968 le-
962 948 967 954 -

110 1007 185 1113 goti
203 1007 351 1084 consilio
368 1008 512 1084 abeunt.
537 1011 593 1084 Ac
614 1035 702 1084 mox
720 1036 787 1108 per
807 1037 927 1110 popu-

110 1123 188 1198 lum
207 1125 466 1220 disseminatis,
488 1153 569 1227 quse
588 1127 778 1202 adversum
791 1127 927 1230 legatos

112 1245 244 1318 AEneus
265 1245 424 1338 dixerat,
443 1243 620 1318 tumultus
638 1244 774 1339 oritur,
794 1246 925 1324 scilicet
995 1269 1004 1278 ‘

112 1385 178 1461 per
197 1389 282 1437 eum
295 1364 500 1440 universam
518 1360 655 1435 Priami
671 1361 822 1436 domum
841 1365 926 1438 odio

112 1478 215 1579 regni
225 1480 303 1577 ejus
309 1481 487 1579 ,pessimo
495 1477 739 1558 intercedendi
748 1478 926 1582 exemplo,

112 1621 277 1674 eversum
291 1595 348 1670 iri.
494 1593 498 1604 ’

301 1895 505 1966 CAPUT
540 1899 742 1970 XXVII.

126 2145 130 2152 Ι
164 2043 307 2153 lomun
330 2046 392 2120 uhi
412 2047 520 2152 legati
546 2050 593 2124 ad
609 2049 805 2126 exercitum
827 2073 929 2126 reve·

113 2187 218 2258 nere,
237 2163 372 2240 cunctis
385 2165 534 2242 ducibus
548 2166 642 2240 dicta
655 2161 825 2267 gestaque
839 2170 930 2240 Tro·

112 2279 284 2380 janornm
306 2281 496 2358 adversum
523 2307 560 2353 se
582 2295 777 2374 exponunt.
805 2284 931 2379 Itaque
984 2329 990 2336 -
1035 2311 1037 2316 ·
1162 2293 1163 2298 ’

12 2419 14 2430 ·
115 2395 343 2487 decernitur,
364 2395 417 2468 uti
437 2394 661 2494 Polydorum
681 2391 720 2464 in
738 2409 933 2489 conspectu

115 2513 287 2592 omnium
301 2524 408 2606 atque
416 2524 498 2583 ante
510 2508 606 2605 ipsos
613 2532 737 2580 muros
750 2524 929 2582 necarent

13 2709 14 2714 ,
116 2631 254 2728 Neque
275 2621 422 2698 ulterius
438 2624 589 2698 dilatum
613 2622 749 2696 facinus
768 2654 777 2698 r
799 2622 934 2724 quippe

118 2744 319 2847 productus
330 2741 368 2815 in
381 2741 567 2837 medium,
580 2739 772 2818 visentibus
790 2768 834 2815 ex
851 2768 933 2817 mu·

120 2865 171 2942 fis
183 2861 363 2966 plerisque
381 2860 539 2936 hostium
550 2857 726 2960 lapidibus
739 2859 846 2954 ictus,
859 2859 936 2936 fra-

123 3000 237 3063 ternae
245 2980 438 3081 impietatis
449 3006 572 3081 poenas
582 2978 659 3054 luit.
674 2982 730 3055 Ac
743 3006 830 3058 mox
842 3007 935 3057 unus

125 3127 171 3180 ex
186 3100 411 3200 praeconibus
423 3097 634 3174 nunciatum
650 3096 834 3174 Ilienstlius
849 3098 936 3174 mit·-

126 3217 238 3312 titur,
262 3216 316 3290 uti
339 3216 561 3320 Polydorum
584 3215 808 3314 speliendum
830 3229 937 3312 pete-

128 3351 220 3412 rent.
235 3335 435 3438 Missusque
452 3337 498 3414 ad
511 3363 592 3414 eam
604 3362 683 3412 rem
694 3336 809 3410 Idaeus
818 3387 833 3432 ,
851 3357 937 3416 cum
