2314 4144
297 380 467 432 arvae
504 365 727 432 ancoratu.¹
852 356 919 434 ¹15

100 489 264 568 maxima
282 490 362 596 regi
384 493 430 567 ab
446 519 493 566 eo.
510 493 678 592 cupiens,
703 493 921 572 tradendum

106 610 140 706 ei
153 609 350 708 imperium
367 609 749 718 palamloqnebantnr.
769 612 884 715 Igitur
899 637 921 686 a

108 721 253 822 ornetis
271 727 432 822 Grecis,
458 728 569 804 veluti
597 728 782 829 publicum
815 729 923 803 funus

109 845 186 946 ejus
198 844 508 950 crematumigni,
523 872 634 929 nureo
646 847 790 934 vasculo
804 847 924 949 sepul-

113 979 191 1046 tum
204 979 270 1042 est.
327 1039 332 1048 ,

390 1341 398 1398 t

348 1513 541 1590 CAPUT
576 1512 693 1590 xvt.

164 1667 335 1742 lurtum
361 1663 517 1742 Achilles
543 1665 751 1761 ministras,
767 1679 803 1744 et
823 1659 932 1743 veluti

118 1782 299 1860 officinam
320 1779 404 1856 belli
425 1781 609 1882 proximas
632 1785 752 1886 Trojae
772 1784 932 1890 civitates

117 1917 236 1996 ratus,
258 1900 413 1999 sumptis
424 1901 561 2003 aliquot
578 1900 747 1999 navibus,
774 1903 934 1981 Lesbum

116 2017 352 2124 aggreditur,
367 2045 411 2094 ae
431 2017 506 2094 sine
532 2021 603 2096 ulla
626 2021 830 2099 difficultate
853 2048 935 2100 eam

119 2139 237 2238 capit3
253 2152 289 2213 et
302 2137 505 2214 Phorbanta
517 2137 589 2216 loci
600 2139 678 2240 ejus
690 2169 816 2242 regem
825 2135 937 2236 ,ntul-

121 2274 158 2332 ta
178 2258 368 2334 adversum
389 2256 532 2332 Graecos
550 2257 725 2332 hostiliter
740 2257 937 2351 molitum,

122 2373 289 2450 interficit
300 2428 312 2467 ‚
325 2389 447 2474 atque
456 2371 540 2446 inde
564 2369 805 2452 Diomedeam
826 2373 937 2448 filiam

124 2493 217 2596 regis
245 2518 330 2568 cum
358 2515 491 2590 magna
517 2488 637 2585 praeda
658 2487 815 2562 abducit.
845 2489 940 2562 Dein

123 2613 285 2714 Phyrum
300 2625 337 2686 et
352 2604 584 2705 Hierapolim
597 2605 704 2682 urbes
715 2605 864 2681 refertas
882 2604 941 2678 di-

126 2728 245 2822 vitiis,
272 2724 409 2804 ermetis
440 2749 590 2798 suorum
620 2723 877 2823 poscentibus,
904 2720 941 2800 vi

126 2871 259 2948 magna
272 2835 458 2948 aggressus
467 2898 480 2936 ,
499 2841 622 2940 paucis
641 2837 765 2916 ‹fiebus
778 2841 853 2916 sine
871 2839 972 2916 ulla.=

127 2962 333 3040 difficultate
351 2959 534 3040 exscindit.
551 2960 752 3054 Caeterum,
771 2961 842 3062 qu‘a
855 2987 944 3060 per-

127 3081 258 3187 gebat,
276 3079 354 3184 egri
367 3079 489 3156 referti
501 3079 579 3183 jugi
591 3105 679 3179 pace
689 3133 702 3172 ,
723 3077 943 3178 depraedati,

126 3196 835 3302 omnibusquevexati‚nequequiequam
843 3197 945 3296 quod

127 3321 289 3397 amicum
303 3315 470 3418 Trojauis
481 3317 684 3410 videretur,
695 3342 770 3390 non
779 3333 944 3388 eversum

128 3457 187 3520 aut
196 3438 376 3520 vastatum
385 3434 551 3538 relinqui.
562 3433 674 3540 Queis
686 3431 836 3533 cognitis
842 3489 856 3529 ,
869 3431 946 3508 fmi-
