2348 4156
229 363 300 461 164
410 388 587 444 onerer
616 371 668 440 n‘u
695 386 845 441 ruore.

226 502 358 606 illatam
377 503 422 576 ab
434 506 709 605 Agamemnone
720 502 910 602 injurium,
927 496 1038 576 etab'2
1059 527 1063 536 ’

219 620 370 694 ductam
397 619 707 720 Hippodamiam,
725 621 813 694 nihil
836 617 947 696 animi
964 617 1037 692 ‘re-

224 732 390 825 miserat;
405 753 526 812 tam'eu
542 738 699 811 maxime
712 736 916 838 indignatus
934 735 1036 836 quod
1059 749 1061 754 '

224 851 369 953 reliquis
381 847 528 929 ducibus
535 855 582 927 ad
593 881 731 928 coenam
746 853 905 929 deductis
912 851 1037 947 ,solus

176 1063 178 1068 Ι
226 961 593 1068 contemptuihabitus
600 968 907 1043 intermitteretur.
924 971 1039 1044 Caete·
1057 983 1061 998 ¹

226 1107 312 1158 rum¹
330 1085 495 1160 ordinato
514 1084 692 1178 exercitu,
711 1113 753 1160 ac
770 1101 855 1159 tunc
871 1083 1039 1182 primum
1060 1113 1066 1124 ·

226 1201 394 1276 omnibus
405 1202 712 1301 eopiisadversum
721 1207 756 1276 se
768 1201 946 1276 instructis
954 1201 1040 1276 hos-
1059 1248 1065 1258 ·

227 1319 341 1413 tibus,
355 1321 418 1394 'ubi
431 1329 557 1396 neutra‘
569 1343 652 1420 pars
668 1319 896 1397 committere
909 1319 1040 1417 eudet3

229 1433 466 1536 paulisper'in
486 1437 567 1513 loco
584 1438 732 1516 retentis
747 1437 939 1530 militibus,
958 1450 1040 1510 tan-

233 1554 600 1653 quam'deindustria
620 1554 789 1658 utrinque
807 1550 966 1654 receptui
976 1579 1051 1661 cet-¹

230 1686 339 1744 mtur.

389 2150 590 2228 CAPUT
625 2151 878 2228 XXXVII.

278 2330 431 2417 Jnuquu
449 2326 563 2406 Graeci
575 2325 725 2430 regressi
741 2325 787 2402 ad
799 2351 906 2404 naves
916 2382 929 2422 ,
940 2351 1045 2405 erma

231 2446 434 2547 deponere,
455 2475 496 2522 ac
510 2443 638 2549 singuli
657 2471 723 2544 per
741 2443 822 2522 loca
844 2444 945 2520 solita
962 2471 1045 2520 cor-

231 2587 300 2662 pus
312 2566 526 2639 cihocurare
539 2576 766 2662 occoeperant
776 2618 789 2657 ,
798 2590 912 2664 quum
922 2561 1043 2636 Achil-

230 2679 281 2752 les
305 2681 422 2754 ultum
447 2681 499 2755 ire
530 2679 676 2779 cupiens
706 2679 874 2780 injurias,
897 2680 1043 2780 ignaros

233 2794 368 2869 consilii
380 2795 434 2869 sui
446 2813 612 2891 nostros,
631 2812 666 2872 et
686 2798 734 2870 oh
751 2797 787 2871 id
806 2796 917 2870 otiose
934 2823 1045 2898 agen·

232 2926 306 3004 tes,
320 2911 412 2986 clam
425 2913 591 2992 invadere
609 2927 731 2987 tentat.
748 2915 799 2984 At
812 2911 874 2983 ubi
895 2913 1043 3015 Ulysses

235 3055 255 3102 a
276 3028 503 3120 custodibus,
526 3029 588 3127 qui
610 3023 837 3120 eruptionem
855 3027 933 3126 ejus
950 3057 1044 3128 prae-

236 3154 416 3220 senserant
426 3195 438 3232 ,
455 3169 533 3220 rem
553 3137 749 3237 comperit,
768 3166 922 3241 propere
936 3147 1045 3224 duces
1161 3217 1165 3236 .

236 3263 514 3338 circumcursans
524 3283 656 3360 magna
670 3282 758 3335 voce
771 3276 920 3355 monet,
934 3279 1045 3366 atque

236 3380 399 3455 hortatur
407 3375 460 3454 uti
468 3374 576 3456 armis
589 3374 738 3480 arreptis
750 3391 936 3480 tuerentur
948 3405 1045 3459 sese:
