2314 4144
184 291 314 393 ¹128
424 318 862 369 orraaanarnotz.

241 455 261 494 »
279 425 479 540 salobribus
501 432 623 532 priora
642 433 736 510 male
759 433 918 520 consulta
936 434 1052 512 corri-

239 568 378 642 »gere
442 594 446 604 ·

345 1245 348 1250 .
448 1182 653 1254 eaeor
686 1166 868 1258 xxm

294 1359 314 1402 a
330 1327 409 1406 P'sa
422 1330 509 1406 deos
524 1317 771 1408 immortales!
787 1345 949 1430 reputate
966 1355 1055 1406 cum

245 1480 266 1520 n
283 1448 412 1522 animis
424 1449 568 1543 vestris,
583 1465 716 1549 quanta
728 1448 866 1542 clades,
885 1461 922 1524 et
942 1445 1056 1524 veluti

216 1611 217 1616 =
241 1596 265 1638 ω
284 1567 450 1668 contagio
463 1568 610 1666 hujusce
629 1565 784 1665 exempli
797 1565 923 1642 orbem
936 1580 1057 1642 terra·

179 1681 182 1686 ’
243 1713 262 1753 a
283 1711 367 1756 rum
380 1698 597 1782 occupatura
605 1682 661 1757 sit.
671 1682 761 1783 Quis
774 1683 871 1759 enim
885 1682 1052 1781 posthac,

243 1827 264 1870 a
283 1797 341 1869 cui
359 1797 459 1870 virile
477 1799 664 1897 negotium
680 1814 754 1891 est,
772 1799 978 1876 recordatus
1000 1801 1055 1875 A·

244 1943 261 2000 ῃ
281 1911 440 1984 texandri
453 1910 608 2002 facinus,
621 1937 694 1988 non
702 1913 1058 2011 omniasuspectaat-

242 2057 261 2098 r
283 2025 869 2128 queinsidiosaabamicometuere
878 2031 1060 2134 cogetur?

242 2147 262 2218 it
282 2162 343 2220 aut
357 2146 436 2248 quis
446 2146 557 2220 frater
569 2145 672 2219 fratri
684 2145 823 2219 aditum
836 2148 1059 2247 patefaciet?

244 2299 264 2338 >t
285 2263 376 2368 Quis
395 2264 574 2364 hospitem
596 2280 657 2338 aut
676 2281 873 2368 cognatum
886 2289 961 2370 non
974 2282 1058 2340 tan-

244 2417 264 2460 »
286 2412 397 2488 quam
410 2385 552 2459 hostem
565 2382 910 2486 cavebitiDenique
923 2382 951 2456 si
964 2384 1057 2478 hoc,

248 2493 267 2612 'i
288 2505 387 2610 quod
407 2503 503 2578 haud
516 2530 649 2602 spero,
666 2503 923 2600 probaveritis,
935 2501 1060 2578 omnia

248 2659 268 2697 r
290 2625 432 2698 federis
454 2625 533 2722 jura
555 2651 596 2695 ac
612 2620 754 2720 pietatis
770 2621 866 2720 apud
882 2621 1061 2696 Barbaros

247 2715 265 2813 ri
288 2754 324 2815 et
337 2739 484 2814 Graecos
494 2738 610 2813 clausa
623 2755 739 2814 erunt.
755 2736 946 2839 Quocirca,
960 2741 1062 2815 Tro-

250 2889 269 2929 »
289 2845 733 2959 janiprincipeS‚bor1um
753 2870 862 2952 atque
879 2855 965 2930 utile
980 2873 1061 2955 est,

251 3003 271 3046 a
292 2973 454 3067 Graecos,
464 2974 616 3072 receptis
626 2969 811 3064 universis,
821 2998 903 3073 quae
911 2974 1064 3072 pervim

251 3122 271 3163 tt
291 3103 429 3164 extorta
442 3104 524 3162 sunt
533 3143 546 3180 ,
567 3085 702 3179 amice,
717 3101 825 3188 atque
838 3088 892 3162 uti
907 3117 973 3189 par
986 3109 1062 3188 est,

252 3239 271 3281 n
293 3208 445 3284 domum
470 3202 625 3299 dimitti,
645 3229 765 3306 neque
785 3205 920 3304 operiri
942 3211 1066 3308 quoad

255 3360 274 3400 a
298 3329 372 3410 duo
395 3351 505 3431 regna
529 3321 623 3406 inter
641 3348 679 3406 se
703 3321 916 3404 amicissima
935 3352 1068 3408 manus

1143 265 1147 304 i

1143 339 1149 510 t
