2314 4144
247 302 418 384 L1vnn
453 289 702 354 nnnninn.
835 281 885 381 59

63 419 139 494 ficio
162 417 353 496 adornant
376 447 385 486 :
410 443 523 518 quum
545 445 626 492 ecee
645 418 719 492 dies
733 417 857 494 foedari
871 443 887 514 ,·

65 552 96 608 et
108 535 248 610 coelum
265 531 392 611 nubilo
411 533 483 635 tegi
496 523 623 632 coepit:
640 535 722 608 dein
735 553 884 635 repente

66 651 247 746 tonitrua,
272 674 422 726 corusca
445 650 622 745 fulmina,
635 669 804 750 praeterea
819 670 888 728 ter-

67 798 110 846 rae
121 770 314 868 marisque
328 766 456 869 ingens
466 783 609 864 motus,
623 784 730 872 atque
743 771 789 844 ad
804 793 887 869 pos*

69 905 231 966 tremum
245 884 458 962 confusione
471 886 562 962 aeris
572 905 737 988 ereptum
749 889 874 968 lumen
882 907 896 964 .“

70 1008 205 1108 Neque
231 1003 353 1080 multo
372 1019 453 1102 post
466 1003 638 1082 imbrium
653 1021 762 1108 atque
783 1030 890 1110 ginn-

72 1124 163 1198 dinis
189 1123 244 1199 vis
269 1149 404 1225 magna
427 1122 656 1222 praecipitata.
687 1129 785 1202 Inter
811 1155 891 1229 quse

72 1257 148 1316 tam
163 1258 279 1337 tetra,
295 1241 393 1316 nullt
412 1241 536 1342 requie
556 1244 794 1341 tempestatis,
812 1249 892 1325 Me·

79 1362 201 1437 nelaus
212 1387 302 1438 cum
317 1359 372 1434 his
388 1359 451 1460 qui
468 1358 681 1436 sacrificium
698 1363 893 1458 curabant,

80 1495 179 1556 metu
201 1494 313 1578 atque
342 1475 551 1552 hesitatione
580 1477 738 1554 diversus
761 1480 896 1583 egeba-

83 1611 138 1670 tur
172 1592 342 1670 :terreri
371 1592 507 1693 quippe
532 1593 652 1692 primo
677 1595 791 1670 subiti
816 1598 895 1676 cneii

80 1712 363 1814 permutatione·
370 1765 383 1806 ‚
422 1709 531 1812 idque
561 1711 705 1814 signum
733 1715 896 1798 divinum

85 1834 228 1908 credere
243 1863 251 1903 :
269 1829 355 1904 dein
365 1855 409 1904 ne
422 1844 579 1928 coeptum
592 1830 822 1930 omitterent,
837 1837 896 1916 de·

86 1951 257 2026 trimento
267 1947 426 2022 militum
435 1951 667 2028 commoveri.
680 1951 793 2054 Igitur
804 1954 898 2032 inter

86 2085 222 2146 tantam
235 2065 350 2142 animi
361 2064 640 2164 dubitationem,
654 2093 724 2148 vox
734 2072 897 2171 quiedam

88 2187 168 2263 luen
194 2184 347 2275 emissa,
363 2183 554 2282 ⁴aspernari
580 2213 717 2266 numen
736 2187 901 2264 *sacrificii

91 2331 226 2406 genus,
250 2317 289 2378 et
308 2299 361 2374 ob
376 2299 413 2374 id
428 2301 681 2379 abstinendum
702 2331 725 2376 a
749 2329 902 2402 corpore

93 2421 264 2524 virgini83
294 2416 457 2492 misereri
481 2443 640 2515 namque
665 2421 744 2516 ejus
768 2421 902 2492 deam:

95 2555 265 2615 ceterum
281 2562 348 2636 pro
368 2550 468 2613 tanto
484 2533 666 2627 faenore,
683 2531 764 2610 satis
782 2558 907 2632 peena-

97 2684 178 2732 rum
203 2653 474 2760 Agamemnoni
499 2681 519 2728 a
544 2651 699 2754 conjuge
723 2652 801 2752 ejus
825 2669 908 2752 post

99 2776 296 2876 'frojanam
306 2771 491 2848 victoriam
500 2784 748 2868 comparatum
765 2771 910 2874 :itaque

100 2909 266 2970 curarent
281 2883 341 2984 id,
359 2890 458 2991 quod
469 2888 507 2963 in
522 2887 639 2964 'vicem
652 2886 796 2988 virginis
809 2890 911 2964 ebla-

104 3027 179 3084 tum
206 3007 558 3098 animadverterent,
587 3003 788 3082 immolare.
819 3006 912 3082 Dein

103 3155 242 3228 eoepere
259 3124 359 3204 venti
372 3141 477 3224 'atque
489 3121 666 3214 fulmina,
682 3121 821 3224 aliaq'ue
836 3151 915 3222 quae

95 3244 141 3332 ,in
160 3272 299 3352 magne
310 3243 404 3324 'coeli
423 3259 529 3322 motu
542 3238 631 3319 eriri
648 3239 761 3319 solent
771 3292 785 3334 ‚
798 3262 919 3316 censen
1045 3315 1047 3320 .

107 3389 259 3446 nescere.
