2260 4152
284 273 333 367 24
455 271 643 348 'ournnr
671 297 726 347 nr
753 282 910 349 rnorn¹

286 438 306 488 a
322 407 437 481 absit:
460 407 617 485 maxime
641 436 756 510 quum
780 411 859 487 fieri
886 410 1011 509 possit,
1031 413 1079 486 uti

286 554 305 596 n
322 509 400 626 quse
423 509 613 602 criminose
636 527 776 628 objecta
795 543 903 622 sunt,
933 531 1080 627 praesenti

285 642 535 718 »refutatione
551 645 741 719 diluantur.
757 676 776 718 u
799 649 890 724 Haec
908 661 1007 747 atque
1020 646 1088 720 alia¹

283 757 492 860 hujusmodi
514 761 691 856 inferens,
709 761 845 838 differri
865 762 1017 864 querelas
1039 763 1083 838 ad

283 877 477 953 adventum
487 879 681 956 Alexandri
688 881 801 982 jubet.
814 882 966 958 Videbat
975 882 1063 958 enim
1069 935 1083 977 ,

283 1010 325 1068 ut
336 995 485 1098 singuli,
503 997 565 1097 qui
578 998 671 1072 ineo
681 997 833 1073 concilio
847 1000 1010 1093 aderant,
1020 1001 1085 1072 Pa-

283 1111 432 1188 lamedis
458 1116 619 1190 oratione
649 1132 900 1207 moverentur3
926 1133 966 1189 ut
993 1116 1086 1224 taciti

283 1230 383 1308 vultu
394 1248 515 1308 tamen
528 1234 725 1310 admissum
734 1233 871 1308 facinus
883 1234 1088 1308 condemna«

283 1364 383 1440 rent3
399 1378 512 1451 quum
526 1351 664 1453 singula
676 1352 771 1424 miro
784 1379 915 1454 genere
926 1351 1088 1427 orationis

283 1483 569 1564 exponerentur,
593 1483 703 1567 atque
734 1467 772 1540 in
788 1493 953 1552 sermone
979 1467 1088 1543 Graeci

189 1647 191 1652 .
282 1585 377 1684 regis
401 1585 529 1659 inesset
552 1583 716 1684 qrraedam
740 1585 920 1680 permixta
943 1584 1088 1659 misera-

268 1699 388 1773 ·tionis
400 1699 463 1774 vis.
482 1701 603 1799 Atque
616 1698 719 1795 itaeo
733 1697 790 1773 die
803 1699 993 1776 concilium
1003 1699 1088 1776 diri-

154 1867 159 1875 ι
269 1814 404 1888 rnitur.
424 1815 495 1890 Sed
516 1814 651 1915 legatos
668 1816 854 1908 Antenor,
867 1816 923 1891 vir
935 1816 1088 1915 hospita⁴

282 1929 345 2025 lis,
366 1947 401 2006 et
410 1946 538 2028 praeter
549 1943 694 2006 caeteros
706 1930 793 2022 honi
800 1932 1012 2033 honestique
1020 1959 1088 2012 secr

278 2061 397 2148 tator,
409 2047 561 2124 domum
572 2045 621 2124 ad
635 2071 675 2126 se
694 2045 853 2130 volentes
869 2048 1025 2130 deducit.

470 2662 475 2666 ,
523 2555 717 2630 orror
750 2553 844 2628 vrr.

327 2767 496 2841 Iurrnrn
503 2764 625 2863 paucis
636 2780 718 2866 post
730 2761 873 2857 diebus,
884 2759 1088 2840 Alexander

279 2878 1088 2978 cumsupradictiscomitibusvenit,Helenan

279 3022 402 3074 secum
417 2997 560 3072 habens.
576 2997 688 3096 Cujus
697 2995 854 3072 adventu
867 2994 905 3068 in
919 2998 1000 3068 totl
1013 2996 1088 3072 civi

262 3131 350 3191 ¹tate
359 3141 473 3216 quum
481 3115 613 3212 partim
621 3113 827 3212 exemplum
835 3113 1010 3189 facinoris
1019 3140 1088 3190 exe

279 3249 484 3328 orarentur,
506 3231 566 3306 alii
578 3231 724 3333 injurias
742 3231 781 3306 in
797 3231 1013 3307 Menelaum
1033 3233 1088 3308 ad

278 3352 402 3433 missas
411 3351 593 3449 dolerent,
602 3349 700 3428 nullo
712 3351 877 3429 omnium
887 3335 1088 3452 adprobau
