2260 4152
245 429 416 482 121an
453 421 684 480 earnium·
835 406 877 480 15

45 565 79 615 ro
91 541 274 644 tempore
286 537 438 634 Nestori
451 540 607 644 denupta
620 559 696 620 erat
707 599 718 637 ,
730 559 765 618 et
780 545 873 645 Aga·

47 688 225 738 memnon
240 662 367 762 major
383 662 495 736 frater
504 720 516 756 ,
534 680 576 738 ut
587 663 664 740 rice
685 667 747 736 sud
762 664 798 736 in
815 662 872 736 di-

49 779 176 856 visione
204 793 398 872 uteretur,
426 779 635 876 petiverant.
663 780 732 856 Sed
749 779 873 852 hinon

50 896 239 972 Plisthenis
254 952 269 990 ,
287 912 330 968 ut
356 911 483 989 erant,
512 899 626 1000 magis
647 925 758 998 quam
771 896 875 972 Atrei

54 1014 291 1103 dicebantur3
306 1015 356 1089 ob
371 1041 451 1086 eam
466 1041 628 1109 eausam,
646 1015 872 1116 quodquam

53 1129 273 1222 Plisthenes,
286 1130 488 1203 admodum
507 1132 747 1229 parvus,ipse
764 1157 874 1234 agens

55 1245 231 1346 inprimis
241 1245 347 1319 annis
359 1244 431 1320 vita
444 1247 586 1322 functus
597 1304 609 1339 ,
622 1248 708 1320 nihil
722 1249 874 1349 dignum
940 1251 942 1256 ’

57 1363 330 1438 admemoriam
340 1363 498 1435 nominis
510 1361 730 1464 reliquisset,
744 1366 875 1438 Atreu-s

57 1479 286 1557 miseratione
306 1480 419 1555 aetatis
446 1508 569 1556 seeum
592 1507 653 1556 eos
672 1465 876 1575 habuerat,

58 1621 169 1700 neque
183 1600 310 1672 minus
328 1625 441 1699 quam
459 1585 576 1700 regios
592 1599 814 1674 educaverat.
833 1603 876 1673 ln

60 1741 124 1813 qua
136 1711 314 1792 divisione
328 1713 460 1816 singuli
473 1737 540 1813 pro
553 1701 709 1791 nominis
724 1717 876 1792 celebri-

62 1845 127 1908 tate
139 1835 234 1912 inter
241 1861 280 1910 se
293 1833 448 1934 quisque
457 1835 646 1936 magnifice
659 1853 873 1940 transegere.

290 2057 293 2060 ·
329 2029 524 2100 CAPUT
556 2032 611 2099 II.

112 2181 170 2253 An
195 2205 259 2256 eos
283 2205 326 2253 re
350 2178 493 2280 cognitd
520 2207 646 2257 omnes
669 2209 713 2257 ex
738 2183 878 2282 origine

69 2292 242 2394 Europae,
271 2319 358 2396 quoe
373 2293 412 2368 in
434 2300 475 2370 eet
496 2297 610 2371 insula
630 2302 775 2372 sunamd
796 2297 881 2372 reli-

70 2411 171 2510 gione
185 2412 335 2506 colitur,
352 2414 558 2506 confluunt,
576 2407 803 2515 benigneque
829 2441 884 2485 sa-

69 2525 198 2604 lutatos
215 2531 253 2602 in
266 2523 447 2630 templum
469 2531 660 2604 deducunt.
682 2529 734 2603 lbi
745 2529 884 2624 amulta-

71 2673 147 2720 rum
165 2647 366 2722 hostiarum
383 2674 487 2721 more
504 2651 619 2748 patrio
635 2648 882 2724 immolatione
967 2643 969 2650 ’

72 2763 267 2861 celebrata,
298 2765 534 2866 exhibitisque
569 2767 704 2865 epulis,
737 2767 883 2868 largiter

72 2883 334 2984 magnificeque
350 2907 411 2955 eos
426 2883 581 2957 habuere
597 2915 604 2955 :
621 2885 780 2984 itemque
793 2885 887 2958 inse-

75 2999 158 3073 cutis
166 3001 303 3074 diebus.
319 3004 370 3074 At
383 3028 483 3102 reges
494 3000 655 3094 Graeciae,
671 3001 735 3074 etsi
754 3029 795 3076 ea
809 3031 887 3102 qure

77 3119 333 3194 exhibebantur
351 3145 437 3191 carm
449 3119 566 3193 laetitia
583 3119 821 3216 accipiebant,
837 3134 890 3188 ta-

77 3259 154 3310 men
178 3239 296 3313 multo
318 3235 435 3336 magis
454 3237 578 3337 templi
597 3238 674 3335 ejus
694 3234 885 3332 niagnilicd

77 3353 361 3446 pulchritudine,
391 3345 616 3456 pretiosique
651 3335 888 3426 exstructione

75 3490 216 3570 operum
244 3471 493 3552 afficiebantur
503 3530 516 3569 ,
543 3469 770 3572 inspicientes
786 3494 890 3569 repe-
