<?xml version="1.0" encoding="UTF-8"?>
<!DOCTYPE html PUBLIC "-//W3C//DTD XHTML 1.0 Transitional//EN"
    "http://www.w3.org/TR/xhtml1/DTD/xhtml1-transitional.dtd">
<html xmlns="http://www.w3.org/1999/xhtml" xml:lang="en" lang="en">
 <head>
  <title>
</title>
<meta http-equiv="Content-Type" content="text/html;charset=utf-8" />
  <meta name='ocr-system' content='tesseract 3.04.00' />
  <meta name='ocr-capabilities' content='ocr_page ocr_carea ocr_par ocr_line ocrx_word'/>
</head>
<body>
  <div class='ocr_page' id='page_1' title='image "./histoiredelague01daregoog/histoiredelague01daregoog_0139.png"; bbox 0 0 2314 4144; ppageno 0'>
   <div class='ocr_carea' id='block_1_1' title="bbox 294 289 1016 378">
    <p class='ocr_par' dir='ltr' id='par_1_1' title="bbox 294 289 1016 378">
     <span class='ocr_line' id='line_1_1' title="bbox 294 289 1016 378; baseline -0.006 -28"><span class='ocrx_word' id='word_1_1' title='bbox 294 289 724 354; x_wconf 51' lang='lat' dir='ltr'>niventunen</span> <span class='ocrx_word' id='word_1_2' title='bbox 840 302 912 378; x_wconf 77' lang='lat'>107</span> <span class='ocrx_word' id='word_1_3' title='bbox 1012 334 1016 346; x_wconf 84' lang='lat'><strong><em>.</em></strong></span> 
     </span>
    </p>
   </div>
   <div class='ocr_carea' id='block_1_2' title="bbox 1 413 985 2062">
    <p class='ocr_par' dir='ltr' id='par_1_2' title="bbox 1 413 985 2062">
     <span class='ocr_line' id='line_1_2' title="bbox 91 413 916 520; baseline -0.001 -27"><span class='ocrx_word' id='word_1_4' title='bbox 91 420 319 510; x_wconf 76' lang='lat' dir='ltr'><strong>tribuentes,</strong></span> <span class='ocrx_word' id='word_1_5' title='bbox 340 416 497 492; x_wconf 85' lang='lat' dir='ltr'>tradunt.</span> <span class='ocrx_word' id='word_1_6' title='bbox 518 415 634 520; x_wconf 85' lang='lat' dir='ltr'>Igitur</span> <span class='ocrx_word' id='word_1_7' title='bbox 652 413 826 492; x_wconf 80' lang='lat' dir='ltr'>ordinatis</span> <span class='ocrx_word' id='word_1_8' title='bbox 842 415 916 492; x_wconf 84' lang='lat' dir='ltr'>dis.-</span> 
     </span>
     <span class='ocr_line' id='line_1_3' title="bbox 92 534 916 637; baseline 0.004 -27"><span class='ocrx_word' id='word_1_9' title='bbox 92 536 295 637; x_wconf 79' lang='lat' dir='ltr'>positisque</span> <span class='ocrx_word' id='word_1_10' title='bbox 330 535 534 628; x_wconf 71' lang='lat' dir='ltr'>ominibus,</span> <span class='ocrx_word' id='word_1_11' title='bbox 562 534 780 634; x_wconf 81' lang='lat' dir='ltr'><strong>Telephus,</strong></span> <span class='ocrx_word' id='word_1_12' title='bbox 812 536 916 636; x_wconf 81' lang='lat' dir='ltr'>cujus</span> 
     </span>
     <span class='ocr_line' id='line_1_4' title="bbox 96 653 917 758; baseline 0 -28"><span class='ocrx_word' id='word_1_13' title='bbox 96 655 210 736; x_wconf 88' lang='lat' dir='ltr'>ductu</span> <span class='ocrx_word' id='word_1_14' title='bbox 232 655 281 729; x_wconf 82' lang='lat' dir='ltr'>ad</span> <span class='ocrx_word' id='word_1_15' title='bbox 297 654 451 756; x_wconf 83' lang='lat' dir='ltr'>Trojam</span> <span class='ocrx_word' id='word_1_16' title='bbox 468 653 676 758; x_wconf 70' lang='lat' dir='ltr'>navigatum</span> <span class='ocrx_word' id='word_1_17' title='bbox 693 669 770 749; x_wconf 85' lang='lat' dir='ltr'>est,</span> <span class='ocrx_word' id='word_1_18' title='bbox 783 681 917 757; x_wconf 77' lang='lat' dir='ltr'>magna</span> 
     </span>
     <span class='ocr_line' id='line_1_5' title="bbox 97 771 917 876; baseline -0.004 -28"><span class='ocrx_word' id='word_1_19' title='bbox 97 773 154 848; x_wconf 83' lang='lat' dir='ltr'>sui</span> <span class='ocrx_word' id='word_1_20' title='bbox 172 773 271 872; x_wconf 82' lang='lat' dir='ltr'>apud</span> <span class='ocrx_word' id='word_1_21' title='bbox 284 772 481 848; x_wconf 84' lang='lat' dir='ltr'>exercitum</span> <span class='ocrx_word' id='word_1_22' title='bbox 501 771 615 876; x_wconf 78' lang='lat' dir='ltr'>gratia</span> <span class='ocrx_word' id='word_1_23' title='bbox 629 772 783 850; x_wconf 84' lang='lat' dir='ltr'>domum</span> <span class='ocrx_word' id='word_1_24' title='bbox 800 772 917 856; x_wconf 46' lang='lat' dir='ltr'>disce*</span> 
     </span>
     <span class='ocr_line' id='line_1_6' title="bbox 101 875 918 996; baseline 0.002 -30"><span class='ocrx_word' id='word_1_25' title='bbox 101 891 165 966; x_wconf 90' lang='lat' dir='ltr'>dit.</span> <span class='ocrx_word' id='word_1_26' title='bbox 180 895 313 996; x_wconf 79' lang='lat' dir='ltr'>Neque</span> <span class='ocrx_word' id='word_1_27' title='bbox 323 892 442 968; x_wconf 84' lang='lat' dir='ltr'>mutto</span> <span class='ocrx_word' id='word_1_28' title='bbox 455 875 537 993; x_wconf 81' lang='lat' dir='ltr'>post</span> <span class='ocrx_word' id='word_1_29' title='bbox 555 890 648 974; x_wconf 77' lang='lat' dir='ltr'>circe</span> <span class='ocrx_word' id='word_1_30' title='bbox 663 891 846 974; x_wconf 76' lang='lat' dir='ltr'>Protesilai</span> <span class='ocrx_word' id='word_1_31' title='bbox 855 919 918 976; x_wconf 54' lang='lat' dir='ltr'>&#39;see</span> 
     </span>
     <span class='ocr_line' id='line_1_7' title="bbox 102 1010 918 1114; baseline 0.01 -29"><span class='ocrx_word' id='word_1_32' title='bbox 102 1011 285 1110; x_wconf 83' lang='lat' dir='ltr'>pulturar&#39;n</span> <span class='ocrx_word' id='word_1_33' title='bbox 309 1011 439 1088; x_wconf 87' lang='lat' dir='ltr'>nostris</span> <span class='ocrx_word' id='word_1_34' title='bbox 456 1010 664 1112; x_wconf 84' lang='lat' dir='ltr'>occupatis,</span> <span class='ocrx_word' id='word_1_35' title='bbox 682 1010 842 1114; x_wconf 85' lang='lat' dir='ltr'><strong>nihilque</strong></span> <span class='ocrx_word' id='word_1_36' title='bbox 855 1011 918 1092; x_wconf 81' lang='lat' dir='ltr'>tali</span> 
     </span>
     <span class='ocr_line' id='line_1_8' title="bbox 103 1130 915 1234; baseline 0.007 -32"><span class='ocrx_word' id='word_1_37' title='bbox 103 1145 268 1228; x_wconf 84' lang='lat' dir='ltr'>tempore</span> <span class='ocrx_word' id='word_1_38' title='bbox 296 1131 423 1208; x_wconf 87' lang='lat' dir='ltr'>hostile</span> <span class='ocrx_word' id='word_1_39' title='bbox 447 1130 715 1227; x_wconf 88' lang='lat' dir='ltr'>metuentibus,</span> <span class='ocrx_word' id='word_1_40' title='bbox 740 1133 915 1234; x_wconf 71' lang='lat' dir='ltr'>CycnuS,</span> 
     </span>
     <span class='ocr_line' id='line_1_9' title="bbox 105 1249 985 1354; baseline 0.002 -30"><span class='ocrx_word' id='word_1_41' title='bbox 105 1249 205 1348; x_wconf 88' lang='lat' dir='ltr'>cujus</span> <span class='ocrx_word' id='word_1_42' title='bbox 218 1249 316 1324; x_wconf 90' lang='lat' dir='ltr'>haud</span> <span class='ocrx_word' id='word_1_43' title='bbox 334 1250 462 1348; x_wconf 89' lang='lat' dir='ltr'>procul</span> <span class='ocrx_word' id='word_1_44' title='bbox 480 1250 627 1350; x_wconf 74' lang='lat' dir='ltr'>tTroja</span> <span class='ocrx_word' id='word_1_45' title='bbox 644 1277 799 1354; x_wconf 80' lang='lat' dir='ltr'>reguum</span> <span class='ocrx_word' id='word_1_46' title='bbox 816 1266 892 1329; x_wconf 85' lang='lat' dir='ltr'>erat</span> <span class='ocrx_word' id='word_1_47' title='bbox 904 1305 924 1344; x_wconf 77' lang='lat'><em>„</em></span> <span class='ocrx_word' id='word_1_48' title='bbox 981 1261 985 1269; x_wconf 59' lang='lat'><strong>⁴</strong></span> 
     </span>
     <span class='ocr_line' id='line_1_10' title="bbox 105 1367 918 1472; baseline -0.002 -28"><span class='ocrx_word' id='word_1_49' title='bbox 105 1367 250 1468; x_wconf 85' lang='lat' dir='ltr'>cognito</span> <span class='ocrx_word' id='word_1_50' title='bbox 276 1370 433 1446; x_wconf 79' lang='lat' dir='ltr'>adventu</span> <span class='ocrx_word' id='word_1_51' title='bbox 454 1383 604 1463; x_wconf 86' lang='lat' dir='ltr'>nostro,</span> <span class='ocrx_word' id='word_1_52' title='bbox 620 1367 714 1444; x_wconf 85' lang='lat' dir='ltr'>clam</span> <span class='ocrx_word' id='word_1_53' title='bbox 732 1381 840 1472; x_wconf 84' lang='lat' dir='ltr'>atque</span> <span class='ocrx_word' id='word_1_54' title='bbox 862 1369 918 1442; x_wconf 85' lang='lat' dir='ltr'>in·</span> 
     </span>
     <span class='ocr_line' id='line_1_11' title="bbox 106 1485 918 1587; baseline 0.001 -25"><span class='ocrx_word' id='word_1_55' title='bbox 106 1486 201 1562; x_wconf 84' lang='lat' dir='ltr'>sidiis</span> <span class='ocrx_word' id='word_1_56' title='bbox 211 1488 356 1564; x_wconf 80' lang='lat' dir='ltr'>Graecos</span> <span class='ocrx_word' id='word_1_57' title='bbox 366 1487 524 1578; x_wconf 77' lang='lat' dir='ltr'>invadit3</span> <span class='ocrx_word' id='word_1_58' title='bbox 539 1511 672 1587; x_wconf 87' lang='lat' dir='ltr'>eosque</span> <span class='ocrx_word' id='word_1_59' title='bbox 685 1485 831 1584; x_wconf 86' lang='lat' dir='ltr'>ancipiti</span> <span class='ocrx_word' id='word_1_60' title='bbox 843 1513 918 1563; x_wconf 83' lang='lat' dir='ltr'>me·</span> 
     </span>
     <span class='ocr_line' id='line_1_12' title="bbox 107 1593 919 1704; baseline -0.007 -18"><span class='ocrx_word' id='word_1_61' title='bbox 107 1603 320 1701; x_wconf 70' lang='lat' dir='ltr'>leterius,</span> <span class='ocrx_word' id='word_1_62' title='bbox 337 1605 412 1680; x_wconf 89' lang='lat' dir='ltr'>sine</span> <span class='ocrx_word' id='word_1_63' title='bbox 431 1605 506 1682; x_wconf 91' lang='lat' dir='ltr'>ullo</span> <span class='ocrx_word' id='word_1_64' title='bbox 521 1593 648 1681; x_wconf 84' lang='lat' dir='ltr'>ordine</span> <span class='ocrx_word' id='word_1_65' title='bbox 668 1633 710 1682; x_wconf 83' lang='lat' dir='ltr'>ac</span> <span class='ocrx_word' id='word_1_66' title='bbox 734 1605 919 1704; x_wconf 76' lang='lat' dir='ltr'>disciplina</span> 
     </span>
     <span class='ocr_line' id='line_1_13' title="bbox 1 1713 921 1836; baseline 0.001 -39"><span class='ocrx_word' id='word_1_67' title='bbox 1 1815 2 1836; x_wconf 13' lang='grc' dir='ltr'><strong>Χ</strong></span> <span class='ocrx_word' id='word_1_68' title='bbox 105 1723 254 1806; x_wconf 82' lang='lat' dir='ltr'>militari</span> <span class='ocrx_word' id='word_1_69' title='bbox 265 1724 392 1827; x_wconf 82' lang='lat' dir='ltr'>fugere</span> <span class='ocrx_word' id='word_1_70' title='bbox 402 1723 540 1826; x_wconf 83' lang='lat' dir='ltr'>coegit.</span> <span class='ocrx_word' id='word_1_71' title='bbox 561 1723 655 1804; x_wconf 84' lang='lat' dir='ltr'>Dein</span> <span class='ocrx_word' id='word_1_72' title='bbox 667 1713 921 1824; x_wconf 75' lang='lat' dir='ltr'>propereieli·</span> 
     </span>
     <span class='ocr_line' id='line_1_14' title="bbox 109 1841 921 1944; baseline 0.005 -30"><span class='ocrx_word' id='word_1_73' title='bbox 109 1842 173 1944; x_wconf 84' lang='lat' dir='ltr'>qui</span> <span class='ocrx_word' id='word_1_74' title='bbox 197 1841 328 1943; x_wconf 89' lang='lat' dir='ltr'>quibus</span> <span class='ocrx_word' id='word_1_75' title='bbox 346 1869 422 1918; x_wconf 88' lang='lat' dir='ltr'>non</span> <span class='ocrx_word' id='word_1_76' title='bbox 448 1869 490 1916; x_wconf 84' lang='lat' dir='ltr'>ea</span> <span class='ocrx_word' id='word_1_77' title='bbox 515 1841 678 1917; x_wconf 83' lang='lat' dir='ltr'>humatio</span> <span class='ocrx_word' id='word_1_78' title='bbox 706 1841 921 1920; x_wconf 81' lang='lat' dir='ltr'>demandata</span> 
     </span>
     <span class='ocr_line' id='line_1_15' title="bbox 109 1960 921 2062; baseline 0.005 -28"><span class='ocrx_word' id='word_1_79' title='bbox 109 1976 205 2054; x_wconf 82' lang='lat' dir='ltr'>erat,</span> <span class='ocrx_word' id='word_1_80' title='bbox 223 1987 263 2034; x_wconf 85' lang='lat' dir='ltr'>re</span> <span class='ocrx_word' id='word_1_81' title='bbox 279 1960 422 2062; x_wconf 79' lang='lat' dir='ltr'>cognita</span> <span class='ocrx_word' id='word_1_82' title='bbox 435 2017 448 2055; x_wconf 93' lang='lat'><em>‚</em></span> <span class='ocrx_word' id='word_1_83' title='bbox 461 1961 589 2038; x_wconf 78' lang='lat' dir='ltr'>armati</span> <span class='ocrx_word' id='word_1_84' title='bbox 613 1977 700 2037; x_wconf 88' lang='lat' dir='ltr'>eunt</span> <span class='ocrx_word' id='word_1_85' title='bbox 722 1975 858 2037; x_wconf 86' lang='lat' dir='ltr'>contra.</span> <span class='ocrx_word' id='word_1_86' title='bbox 877 1964 921 2038; x_wconf 81' lang='lat' dir='ltr'>Ie</span> 
     </span>
    </p>
   </div>
   <div class='ocr_carea' id='block_1_3' title="bbox 108 2079 922 2419">
    <p class='ocr_par' dir='ltr' id='par_1_3' title="bbox 108 2079 922 2419">
     <span class='ocr_line' id='line_1_16' title="bbox 108 2079 921 2182; baseline -0.007 -28"><span class='ocrx_word' id='word_1_87' title='bbox 108 2079 209 2181; x_wconf 87' lang='lat' dir='ltr'>queis</span> <span class='ocrx_word' id='word_1_88' title='bbox 217 2079 374 2158; x_wconf 80' lang='lat' dir='ltr'>Achilles</span> <span class='ocrx_word' id='word_1_89' title='bbox 386 2103 687 2182; x_wconf 85' lang='lat' dir='ltr'>congressuseum</span> <span class='ocrx_word' id='word_1_90' title='bbox 701 2107 807 2180; x_wconf 85' lang='lat' dir='ltr'>rege,</span> <span class='ocrx_word' id='word_1_91' title='bbox 818 2106 921 2154; x_wconf 87' lang='lat' dir='ltr'>eum.-</span> 
     </span>
     <span class='ocr_line' id='line_1_17' title="bbox 110 2196 922 2298; baseline -0.005 -26"><span class='ocrx_word' id='word_1_92' title='bbox 110 2223 179 2296; x_wconf 85' lang='lat' dir='ltr'>que</span> <span class='ocrx_word' id='word_1_93' title='bbox 200 2213 237 2272; x_wconf 87' lang='lat' dir='ltr'>et</span> <span class='ocrx_word' id='word_1_94' title='bbox 253 2224 423 2298; x_wconf 82' lang='lat' dir='ltr'>magnam</span> <span class='ocrx_word' id='word_1_95' title='bbox 445 2197 519 2274; x_wconf 91' lang='lat' dir='ltr'>vim</span> <span class='ocrx_word' id='word_1_96' title='bbox 535 2199 694 2274; x_wconf 90' lang='lat' dir='ltr'>hostium</span> <span class='ocrx_word' id='word_1_97' title='bbox 717 2196 922 2290; x_wconf 76' lang='lat' dir='ltr'>interfecit,</span> 
     </span>
     <span class='ocr_line' id='line_1_18' title="bbox 109 2313 919 2419; baseline -0.011 -25"><span class='ocrx_word' id='word_1_98' title='bbox 109 2314 289 2394; x_wconf 76' lang='lat' dir='ltr'>conversis</span> <span class='ocrx_word' id='word_1_99' title='bbox 313 2314 351 2389; x_wconf 88' lang='lat' dir='ltr'>in</span> <span class='ocrx_word' id='word_1_100' title='bbox 372 2317 499 2419; x_wconf 84' lang='lat' dir='ltr'>fugam</span> <span class='ocrx_word' id='word_1_101' title='bbox 522 2317 591 2394; x_wconf 90' lang='lat' dir='ltr'>hoc</span> <span class='ocrx_word' id='word_1_102' title='bbox 618 2315 730 2390; x_wconf 88' lang='lat' dir='ltr'>modo</span> <span class='ocrx_word' id='word_1_103' title='bbox 750 2313 919 2388; x_wconf 78' lang='lat' dir='ltr'>liberatis.</span> 
     </span>
    </p>
   </div>
   <div class='ocr_carea' id='block_1_4' title="bbox 340 2739 695 2814">
    <p class='ocr_par' dir='ltr' id='par_1_4' title="bbox 340 2739 695 2814">
     <span class='ocr_line' id='line_1_19' title="bbox 340 2739 695 2814; baseline -0.02 0"><span class='ocrx_word' id='word_1_104' title='bbox 340 2739 532 2814; x_wconf 85' lang='lat' dir='ltr'><strong>CAPUT</strong></span> <span class='ocrx_word' id='word_1_105' title='bbox 565 2739 695 2812; x_wconf 88' lang='lat' dir='ltr'><strong>XIII.</strong></span> 
     </span>
    </p>
   </div>
   <div class='ocr_carea' id='block_1_5' title="bbox 8 2890 936 3468">
    <p class='ocr_par' dir='ltr' id='par_1_5' title="bbox 8 2890 936 3468">
     <span class='ocr_line' id='line_1_20' title="bbox 161 2890 928 2986; baseline -0.007 -15"><span class='ocrx_word' id='word_1_106' title='bbox 161 2900 361 2974; x_wconf 76' lang='lat' dir='ltr'>Cunnnun</span> <span class='ocrx_word' id='word_1_107' title='bbox 384 2890 528 2970; x_wconf 85' lang='lat' dir='ltr'>solicitis</span> <span class='ocrx_word' id='word_1_108' title='bbox 550 2891 721 2986; x_wconf 82' lang='lat' dir='ltr'>ducibus,</span> <span class='ocrx_word' id='word_1_109' title='bbox 740 2905 777 2965; x_wconf 86' lang='lat' dir='ltr'>et</span> <span class='ocrx_word' id='word_1_110' title='bbox 797 2891 928 2972; x_wconf 86' lang='lat' dir='ltr'>multo.-</span> 
     </span>
     <span class='ocr_line' id='line_1_21' title="bbox 108 3005 929 3098; baseline -0.01 -7"><span class='ocrx_word' id='word_1_111' title='bbox 108 3005 197 3091; x_wconf 79' lang='lat' dir='ltr'>runi</span> <span class='ocrx_word' id='word_1_112' title='bbox 209 3015 308 3098; x_wconf 82' lang='lat' dir='ltr'>clade</span> <span class='ocrx_word' id='word_1_113' title='bbox 323 3015 518 3090; x_wconf 82' lang='lat' dir='ltr'>obcrebras</span> <span class='ocrx_word' id='word_1_114' title='bbox 535 3011 693 3086; x_wconf 87' lang='lat' dir='ltr'>hostium</span> <span class='ocrx_word' id='word_1_115' title='bbox 707 3010 929 3094; x_wconf 74' lang='lat' dir='ltr'>incursiones</span> 
     </span>
     <span class='ocr_line' id='line_1_22' title="bbox 8 3127 930 3229; baseline -0.01 -20"><span class='ocrx_word' id='word_1_116' title='bbox 8 3175 11 3194; x_wconf 83' lang='lat'><em>=</em></span> <span class='ocrx_word' id='word_1_117' title='bbox 107 3133 255 3226; x_wconf 72' lang='lat' dir='ltr'>anxiis,</span> <span class='ocrx_word' id='word_1_118' title='bbox 286 3133 512 3226; x_wconf 80' lang='lat' dir='ltr'>decernitur,</span> <span class='ocrx_word' id='word_1_119' title='bbox 542 3131 598 3205; x_wconf 88' lang='lat' dir='ltr'>uti</span> <span class='ocrx_word' id='word_1_120' title='bbox 623 3129 790 3229; x_wconf 86' lang='lat' dir='ltr'>primum&#39;</span> <span class='ocrx_word' id='word_1_121' title='bbox 816 3127 930 3202; x_wconf 90' lang='lat' dir='ltr'>finiti·-</span> 
     </span>
     <span class='ocr_line' id='line_1_23' title="bbox 111 3245 931 3349; baseline -0.004 -24"><span class='ocrx_word' id='word_1_122' title='bbox 111 3274 193 3326; x_wconf 83' lang='lat' dir='ltr'>mas</span> <span class='ocrx_word' id='word_1_123' title='bbox 211 3251 334 3349; x_wconf 84' lang='lat' dir='ltr'>Trojae</span> <span class='ocrx_word' id='word_1_124' title='bbox 352 3250 509 3326; x_wconf 86' lang='lat' dir='ltr'>civitates</span> <span class='ocrx_word' id='word_1_125' title='bbox 535 3261 739 3347; x_wconf 74' lang='lat' dir='ltr'>cum-perte</span> <span class='ocrx_word' id='word_1_126' title='bbox 755 3245 931 3322; x_wconf 82' lang='lat' dir='ltr'>exer&#39;citus</span> 
     </span>
     <span class='ocr_line' id='line_1_24' title="bbox 113 3365 936 3468; baseline -0.001 -25"><span class='ocrx_word' id='word_1_127' title='bbox 113 3369 247 3454; x_wconf 77' lang='lat' dir='ltr'>adeant</span> <span class='ocrx_word' id='word_1_128' title='bbox 261 3425 274 3463; x_wconf 84' lang='lat'><em>,</em></span> <span class='ocrx_word' id='word_1_129' title='bbox 289 3394 420 3468; x_wconf 75' lang='lat' dir='ltr'>easque</span> <span class='ocrx_word' id='word_1_130' title='bbox 437 3367 654 3446; x_wconf 83' lang='lat' dir='ltr'>omnimodo</span> <span class='ocrx_word' id='word_1_131' title='bbox 668 3367 865 3442; x_wconf 84' lang='lat' dir='ltr'>incursent.</span> <span class='ocrx_word' id='word_1_132' title='bbox 880 3365 936 3442; x_wconf 76' lang='lat' dir='ltr'>tn</span> 
     </span>
    </p>
   </div>
   <div class='ocr_carea' id='block_1_6' title="bbox 0 0 1181 4144">
    <p class='ocr_par' dir='ltr' id='par_1_6' title="bbox 0 0 1181 4144">
     <span class='ocr_line' id='line_1_25' title="bbox 0 0 1181 4144; baseline 0 0"><span class='ocrx_word' id='word_1_133' title='bbox 0 0 1181 4144; x_wconf 95' lang='lat' dir='ltr'> </span> 
     </span>
    </p>
   </div>
  </div>
 </body>
</html>
