2260 4152
219 315 266 390 36
404 341 579 390 ournnr
607 344 661 391 un
688 333 849 394 enom:

219 453 280 524 mi
286 475 433 545 ,ornnes
441 453 616 552 Pelopidae
625 454 786 538 inunum
794 455 1004 533 conveniunt
1009 465 1025 551 ,⁴

219 587 327 671 atque
344 570 557 669 interpositi¹
574 573 804 674 jurisjurandi
828 573 1022 674 religione,

218 689 258 763 ni
270 687 411 764 Helena
427 716 510 765 cum
531 692 686 789 abreptis
701 679 936 786 redderetur,
953 691 1025 766 bel-

219 805 297 880 lum
314 833 351 882 se
363 807 507 882 Priamo
525 807 697 883 inlaturos
713 809 940 884 confirmant.
954 813 1026 885 Le-

219 925 293 1028 gati
313 927 610 1002 Lacedaemonem
637 928 787 1002 redeunt
793 958 805 1018 3
825 929 870 1003 de
890 927 1027 1003 Helene

219 1045 369 1145 ejusque
390 1046 572 1120 voluntate
597 1060 753 1124 narrant.
776 1046 870 1120 Dein
897 1045 1027 1120 Priami

221 1161 451 1264 filiorumque
468 1166 544 1266 ejus
560 1165 748 1240 adversum
761 1191 801 1240 se·
812 1164 905 1239 dicta
917 1180 1037 1266 gesta-¹

221 1308 311 1390 que3
324 1283 459 1384 grande
470 1265 690 1383 preconium
703 1283 787 1360 fidei
800 1313 884 1386 erga
893 1283 1029 1386 legatos

219 1399 415 1474 Antenoris
423 1401 662 1498 praeferentes.
673 1403 762 1502 Quae
771 1401 833 1474 uhi
841 1427 1028 1500 accepere,

221 1509 419 1593 decernunt
438 1520 491 1593 uti
513 1520 643 1624 singuli
662 1519 700 1592 iu
728 1520 799 1592 suis
816 1519 902 1595 locis
923 1536 1029 1621 atque

146 1698 148 1703 .
218 1635 380 1736 imperiis
393 1665 480 1738 opes
496 1638 578 1712 belli
598 1652 735 1736 parent.
755 1637 869 1739 Igitur
886 1665 929 1712 ex
941 1661 1031 1713 con-

220 1753 290 1828 citii
306 1755 499 1852 sententie,
516 1770 740 1855 opportunus
760 1755 858 1829 locus
878 1756 924 1829 ad
940 1783 1032 1830 eon·

220 1871 459 1967 veniendum,
481 1889 517 1947 et
532 1873 570 1946 in
587 1898 660 1972 quo
673 1872 725 1953 ‚de
750 1886 923 1971 apparatu
945 1871 1032 1944 belli

218 2009 405 2094 ageretur,
426 1989 518 2093 Argi
544 1989 731 2066 Diomedis
755 2015 910 2092 regnum
939 1987 1033 2064 deli-
1065 2053 1070 2060 .

219 2109 327 2210 gitur.

446 2285 640 2358 CAPUT
674 2286 806 2358 XIII.

187 2465 189 2474 '
264 2479 334 2552 Iri
343 2476 406 2550 uhi
420 2493 562 2576 tempus
574 2465 691 2553 visum
705 2491 758 2550 est
766 2532 777 2569 ,
792 2474 931 2573 primus
943 2499 1032 2548 om-

215 2595 318 2669 nium
339 2596 476 2698 ingenti
498 2595 646 2670 nomine
667 2593 808 2671 virtutis
824 2576 931 2692 atque
945 2618 1034 2667 cor-

214 2711 311 2811 poris
325 2712 419 2812 Ajax
438 2711 670 2786 Telamonius
693 2710 857 2804 advenit,
881 2736 964 2784 cum
984 2737 1033 2785 eo

215 2831 356 2904 Teucer
369 2829 490 2904 frater.
506 2831 600 2906 Dein
608 2831 704 2904 haud
716 2829 832 2903 multo
845 2844 927 2926 post
939 2829 1034 2904 Ido-

99 2931 103 2940 ¹
213 2972 363 3021 meneus
389 2963 424 3022 et
450 2948 663 3040 Meriones,
693 2947 835 3020 summi
867 2945 961 3021 inter
992 2974 1034 3024 se

213 3066 326 3168 juncti
344 3065 546 3141 concordii.
565 3070 703 3140 Eorum
722 3089 790 3166 ego
803 3079 944 3139 secutus
960 3090 1035 3139 co-

212 3183 380 3258 mitatum
390 3240 402 3278 ,
412 3211 452 3258 ea
466 3183 612 3287 quidem
622 3197 810 3282 queantea
822 3180 1034 3282 apudTro-

211 3304 286 3398 jum
310 3317 407 3406 gesta
423 3318 505 3379 sunt
527 3303 571 3378 ab
592 3301 722 3405 Ulysse
745 3299 891 3404 cognitu
912 3328 1034 3402 quam

212 3422 476 3524 diligentissime
486 3421 591 3502 retuli
607 3454 615 3497 :
632 3419 816 3523 etreliqua
833 3447 911 3524 quae
925 3419 1037 3524 dein-7
