2348 4156
263 363 686 424 trvnnsnoour.
814 341 879 450 ηδ

66 492 125 557 tos
155 477 369 562 Graecorum
397 486 534 590 sagittis
556 485 714 602 configit.
749 483 884 588 Neque

1 613 2 650 ¹
68 601 171 698 prius
188 602 269 677 finis
281 603 415 698 factus,
429 631 539 705 quam
551 605 746 682 Diomedes
757 606 884 682 atroci·

1 727 2 780 t
69 732 146 794 tete
169 717 224 795 rei
247 736 370 797 motus
377 777 394 816 ,,
415 745 695 826 progressusque
720 725 884 800 cominus

1 899 2 912 ,
72 835 296 912 telobostem
305 855 557 936 prosterneret.
569 845 654 917 Hoc
665 841 777 916 modo
789 845 885 914 Pan-s

75 952 182 1026 dares
203 955 408 1029 certaminis
432 951 570 1035 foedere
593 951 750 1055 violato,
778 975 890 1059 atque

73 1069 299 1170 interemptis
309 1072 452 1186 multis,
465 1077 511 1150 ad
523 1085 748 1174 postremum
763 1101 888 1175 poenas

74 1187 351 1264 sceleratissimae
364 1187 498 1264 militiae
510 1190 588 1264 luit.
604 1194 782 1267 Caeterum
802 1217 889 1268 cord

1 1349 2 1358 κ
75 1326 143 1401 pus
174 1303 251 1402 ejus
278 1303 469 1379 liberatum
498 1333 543 1380 ex
578 1306 675 1401 acie,
700 1307 891 1384 Priamidae

76 1417 152 1521 igni
172 1438 358 1498 cremant:
373 1403 612 1526 reliquiasque
631 1422 718 1499 socii
744 1424 892 1498 traditas

78 1533 145 1610 sibi
164 1533 372 1639 Lyciam'in
395 1533 511 1616 solum
525 1543 683 1640 patrium
697 1541 896 1642 pertulere:

77 1649 228 1728 Interim
241 1671 394 1757 uterque
408 1658 583 1734 exercitus
595 1660 699 1761 signo
711 1661 795 1733 dato
808 1687 892 1734 ma-

77 1797 147 1844 nus
173 1790 365 1848 conserunt
381 1789 676 1876 :pugnantesque
696 1777 730 1853 vi
747 1803 891 1852 summa

78 1903 188 1990 atque
213 1892 358 1991 ancipiti
382 1893 527 1967 fortuna
538 1950 551 1986 ,
567 1893 703 1968 bellum
723 1895 770 1970 ad
786 1921 891 1972 occa-

79 2030 163 2079 sum
179 2007 261 2081 solis
273 2010 487 2108 producunt.
506 2001 576 2088 Sed
588 2010 651 2085 ubi
667 2039 739 2088 nox
753 2013 892 2091 adven-

79 2125 895 2234 tabat,utrimqueregessubductabaudlonge

78 2241 177 2337 acie,
195 2245 400 2320 custodibus
426 2245 564 2320 idoneis
589 2243 763 2315 exercitus
787 2268 894 2315 com-

78 2360 258 2435 muniere.
273 2365 328 2433 Ita
343 2385 411 2454 per
424 2359 561 2456 aliquot
573 2355 648 2428 diss
661 2371 804 2454 tempus
816 2357 897 2433 bel-

79 2475 176 2552 landi
202 2472 456 2571 opperientes,
483 2469 636 2544 militem
664 2471 895 2568 frequentem

82 2606 268 2669 armatum
292 2588 425 2660 frustra
448 2585 616 2662 habuere.
642 2587 814 2688 Namque
833 2588 898 2664 ubi

82 2711 213 2814 hyems
245 2687 461 2800 adventare,
496 2720 541 2779 et·
562 2702 737 2779 imbribus
764 2705 919 2781 crebris

1 2865 2 2872 ¹
81 2823 258 2925 compleri
282 2849 422 2923 coepere
449 2823 594 2921 campi,
622 2821 771 2896 Barbari
802 2823 896 2899 intra

81 2969 207 3022 muros
236 2944 380 3018 abeunt.
415 2923 466 3018 bt
501 2936 615 3016 nostri
648 2939 747 3016 nullo
775 2941 908 3042 palam·

85 3062 188 3136 hoste
205 3058 353 3161 digressi
377 3057 424 3135 ad
455 3058 562 3137 naves
572 3116 585 3154 ,
604 3058 728 3132 munia
756 3058 913 3164 hyemis.

88 3179 283 3276 disponunt
299 3208 306 3249 :
323 3202 481 3280 moxque
491 3177 662 3278 bipertito
677 3203 806 3286 campo
814 3177 899 3277 ,qui

87 3293 245 3400 reliquus
272 3319 346 3368 non
373 3319 503 3394 pugnae
533 3310 759 3394 opportunus
784 3306 861 3364 erut
882 3313 901 3384 ‚'

88 3429 245 3514 utraque⁸
258 3437 341 3512 pars
357 3411 469 3488 aratui
494 3411 677 3510 insistere,
691 3435 807 3492 serere
822 3408 896 3508 sm:
