2348 4156
242 249 306 322 132
397 270 599 340 *evenne
627 271 682 321 nn
709 257 861 324 suoru.

369 449 372 454 ’
426 451 631 522 CAPUT
666 448 857 520 XXIII.

252 668 259 706 ;
288 617 1051 724 Posrqunnfiuemloquendifecit,magno

241 736 408 838 silentio,
428 741 585 833 cunctis,
607 756 648 814 ut
662 739 700 813 in'
725 737 788 812 tali
802 735 949 840 negotio
973 731 1054 810 fieri

240 856 516 964 ‘solet,alienam
525 857 737 936 sententiam
747 853 1054 955 exspectantibus,

147 1000 153 1012 ’
243 955 1056 1076 quumsequisqueminusidoneumaucterem

242 1093 406 1170 crederet
411 1094 588 1186 ‚Panthus
596 1091 689 1166 clara
696 1117 783 1168 voce
795 1122 803 1162 :
818 1121 837 1161 (ι
852 1089 964 1188 Apud
972 1094 1037 1164 eos
1040 1143 1055 1182 ,

173 1259 176 1265 ·
245 1237 267 1280 n
284 1209 354 1303 ait,
368 1209 499 1312 Ulysse
510 1265 524 1305 ,
535 1211 643 1285 verba
655 1209 763 1302 facis,
782 1209 1058 1310 quibuspraeter

245 1353 269 1399 n
287 1326 511 1402 voluntatem
524 1327 662 1405 mederi
675 1327 781 1402 rebus
793 1341 948 1426 potestas
960 1322 1059 1398 nulla

248 1474 270 1517 n
290 1461 356 1552 ests
371 1477 389 1516 n
405 1446 500 1523 Dein
508 1461 590 1545 post
599 1473 683 1522 eum
696 1447 875 1521 Antenor.
889 1475 906 1514 n
920 1441 1059 1518 Omnia

233 1591 271 1638 ‘n
292 1583 375 1667 q'uae
398 1580 641 1640 memoratae
668 1563 768 1639 vobis
790 1578 892 1658 sunt,
908 1559 1060 1637 seientes

247 1708 270 1756 n
290 1681 759 1785 prudentesquepatiemur:
770 1708 887 1784 neque
895 1679 1062 1758 voluntas

247 1799 497 1874 »consulendi
519 1801 636 1890 abest,
649 1799 678 1870 si
703 1815 859 1896 potestas
881 1796 1062 1873 concede·-

246 1941 272 1985 »ι
292 1928 401 1986 retur.
426 1912 496 1986 Sed
515 1929 555 1986 ut
575 1913 723 2007 videtis,
740 1939 893 1988 summae
920 1914 973 1987 rei
999 1915 1062 1992 alii
1163 1977 1164 1982 ,

248 2057 272 2106 n
290 2027 499 2128 potiuntur,
512 2029 641 2132 quihus
651 2029 824 2128 cupiditas
836 2030 986 2110 utilitate
995 2057 1063 2132 po·

246 2174 272 2223 'n
288 2148 362 2224 ‚tior
377 2164 440 2221 est.
465 2179 487 2248 n
501 2149 593 2249 Quae
612 2147 675 2221 ubi
692 2147 876 2245 disseruit,
890 2175 979 2224 mox
993 2177 1062 2248 per
1161 2173 1163 2178 ’

250 2267 416 2342 ordinem
425 2266 694 2366 omnes,qui0b
703 2267 896 2342 amicitiam
905 2268 1060 2364 Priami,

249 2385 558 2489 quiquemercede
568 2386 734 2463 conducti
744 2387 1063 2462 auxiliaremexen-

246 2489 365 2582 eitum
391 2505 584 2600 duxerant,
614 2503 792 2580 introduci
815 2505 926 2608 jubet.
948 2504 1062 2606 Queis

248 2621 416 2723 ingressis
426 2621 600 2726 ,Ulysses
612 2623 805 2698 secundam
819 2648 963 2696 exorsus
979 2647 1064 2700 ora·

249 2737 412 2834 tionem,
425 2740 667 2842 iniquissimos
674 2743 849 2842 appellare
858 2740 1062 2836 universos,

249 2880 370 2956 neque
395 2857 553 2957 dispares
577 2860 770 2938 Alexandri
787 2891 795 2934 ε
812 2858 943 2964 quippe
960 2857 1023 2958 qui
1040 2886 1063 2934 a

250 2969 578 3078 bonohonestoque
585 2976 711 3076 elapsi,
723 2991 907 3074 auctorent
916 2975 1065 3077 pessimi

249 3087 416 3165 facinoris
446 3109 691 3193 sequerentur.
729 3094 861 3198 Neque
894 3095 1064 3196 ignorare

251 3232 504 3310 quemquam,
530 3208 616 3308 quin
642 3208 672 3282 si
702 3225 777 3288 tam
805 3229 907 3288 atrox
931 3212 1066 3314 injuria

249 3325 434 3427 probanda
448 3326 514 3425 sit,
530 3327 608 3408 fore
622 3330 675 3408 uti
689 3331 786 3410 malo
802 3331 969 3432 exemplo
984 3334 1061 3410 dis-

489 3479 501 3512 Ι
