2314 4144
249 309 414 375 nrvnu
454 323 674 374 secono.
804 307 870 376 125

52 437 226 512 medeam
238 435 307 509 sihi
320 435 467 537 retinuit
476 465 488 526 3
509 437 609 537 quod
626 435 786 536 ejusdem
796 453 874 511 aeta-

55 554 101 631 tis
115 570 224 654 atque
238 551 415 630 alimonia
427 577 501 628 non
515 553 591 630 sine
603 579 738 656 magno
751 554 876 630 dolore

56 671 176 748 divelli
189 686 381 770 poterant,
397 687 433 746 et
449 671 498 746 ob
511 669 548 744 id
566 672 641 772 jam
654 686 755 747 antea
774 673 878 774 geni·

59 788 128 862 bus
156 787 310 862 Achillis
337 783 535 882 obvolutae,
558 817 604 862 ne
628 804 877 887 separarentur

60 904 204 1008 magnis
214 902 380 1003 precibus
392 921 590 981 oraverant.
608 906 788 981 Caeterum
801 905 879 980 reli·

63 1052 135 1124 qua
152 1023 274 1122 praeda
294 1021 428 1098 viritim
447 1023 494 1097 ob
508 1023 733 1124 singulorum
749 1023 879 1098 merita

65 1141 255 1216 distributa
272 1156 335 1214 est.
348 1140 441 1216 Dein
458 1167 536 1240 quae
553 1140 647 1239 Ajax
664 1157 879 1238 apportave-

66 1276 121 1334 rat
131 1316 144 1356 ‚
161 1259 311 1362 Ulysses
329 1275 365 1334 et
386 1257 583 1333 Diomedes
603 1274 733 1359 rogatu
748 1261 825 1359 ejus
840 1262 881 1335 in

66 1377 208 1454 medios
221 1376 387 1466 intulere.
414 1377 468 1449 Ex
486 1373 588 1474 queis
608 1374 686 1448 auri
699 1388 807 1473 atque
820 1404 881 1450 ar·-
930 1403 933 1407 ’

68 1494 167 1598 genti
176 1507 353 1594 quantum
366 1491 449 1566 satis
462 1490 666 1583 videbatur,
681 1492 880 1591 Agamem·

67 1609 155 1686 noni
165 1609 241 1712 regi
255 1609 359 1683 datur
374 1639 382 1679 :
398 1635 439 1682 ac
448 1607 576 1682 deinde
586 1606 709 1706 Ajaci,
719 1608 767 1682 ob
778 1635 881 1711 egre-

70 1728 133 1830 gia·
153 1727 320 1800 laborsun
346 1724 422 1826 ejus
447 1723 625 1818 facinora,
650 1727 881 1802 Teuthrantis

72 1845 181 1919 filiam
199 1847 429 1919 Tecmessam
448 1841 661 1918 concedunt.
680 1847 733 1917 lta
761 1843 879 1920 divisis

73 1959 109 2034 in
128 1960 288 2062 singulos
309 1987 387 2060 quae
403 1975 634 2058 supererant,
654 1961 880 2040 frumentum

73 2105 136 2179 per
149 2061 344 2152 exercitum
359 2077 380 2151 d
385 2077 581 2176 ispamiunt.

317 2275 510 2346 CAPUT,
542 2273 635 2338 XX.

120 2433 196 2506 Hrs
210 2425 316 2515 actis,
331 2422 440 2493 fidem
456 2419 551 2516 pacti
565 2418 663 2516 quod
680 2443 764 2494 eum
780 2422 886 2521 Poly.

79 2564 231 2625 mestore
245 2542 511 2626 intercesserat,
523 2532 767 2633 traditumque
781 2536 885 2639 Poly.

80 2668 205 2742 dorum
218 2657 342 2736 refert.
357 2653 418 2728 Ob
432 2680 510 2754 quae
529 2679 550 2724 a
566 2651 700 2726 cunctis
718 2653 885 2732 decerni.

81 2803 156 2880 tur,
170 2799 213 2858 nt
223 2777 375 2875 Ulysses
388 2797 472 2848 cum
490 2770 662 2846 Diomede
676 2771 828 2870 profecti
840 2777 886 2852 ad

81 2901 283 2992 Priamum,
307 2891 489 2970 Helenam
508 2917 593 2966 eum
614 2889 769 2989 abreptis
784 2920 886 2968 recu.

17 2991 22 3034 ἱ
82 3033 261 3125 pararent,
279 3037 386 3114 atque
406 3011 456 3086 ita
478 3009 700 3112 Polydorum
719 3011 795 3114 regi
810 3027 886 3086 tm.

83 3146 215 3220 darent.
230 3132 343 3236 Igitur
354 3132 409 3206 his
420 3127 670 3233 pergentibus,
681 3129 883 3223 Menelaus,

83 3260 229 3361 incujus
247 3251 398 3354 gratiam
414 3249 452 3337 id
469 3248 654 3350 negotium
669 3249 887 3350 gerebatur,

82 3372 261 3482 legationis
270 3368 426 3446 officium
437 3367 514 3467 ejus
526 3365 660 3464 pariter
673 3390 763 3440 cum
774 3388 896 3469 supra
