2356 4156
242 331 317 426 248
423 353 605 408 suenni
633 355 690 406 na
717 336 877 408 raom?

242 453 399 542 atrahere
417 466 564 566 pmelin,
580 466 713 544 seilicet
729 465 916 544 insolentia
937 465 1061 571 gentis

178 607 185 634 ³
243 579 485 661 suae'illudere
505 585 652 685 cupiens
663 610 730 686 per
743 583 908 663 universa
924 610 1062 688 genera

242 697 564 779 debonestamenti.
591 703 702 806 Quod
720 703 783 777 ubi
803 704 909 804 Ajaci
933 699 1063 805 cogni·

243 831 326 892 tum
344 837 419 915 est,
432 818 635 897 relicto-nbi
646 837 891 925 pugnaverat,
902 844 1063 920 propere

244 938 422 1034 accurrit,
445 938 596 1040 jamque
617 936 760 1039 eripere
784 939 935 1014 cadaver
959 935 1065 1013 occia

245 1053 721 1154 pientemproturbnthasta.
733 1053 1066 1156 InterimEuphnr-

245 1173 314 1248 bus
338 1172 549 1249 antenctae
573 1189 611 1249 et
637 1173 751 1273 Ajace
776 1171 889 1250 altero
913 1197 1064 1248 summo

220 1275 224 1284 ⁵
245 1290 366 1366 studio
378 1289 665 1387 circumventus,
673 1292 806 1369 seilicet
813 1307 938 1368 auctor
948 1291 1063 1365 inter*-

246 1411 365 1510 empti
377 1410 499 1506 ducis,
511 1427 631 1488 morte
644 1411 850 1512 poenasluit.
862 1407 955 1485 Dein
967 1409 1066 1485 occi-

183 1577 187 1584 ·
247 1527 370 1626 plante
385 1555 551 1630 vespera,
568 1530 737 1632 proelium
751 1530 952 1622 dirimitur,
965 1527 1064 1604 male

245 1661 287 1720 et
301 1675 386 1724 eum
405 1648 583 1728 dedecore
601 1648 765 1752 plurimis
779 1655 987 1727 nostromm
1004 1645 1069 1738 in«,-

249 1765 419 1840 terfectis.
501 1789 504 1796 ·
1057 1781 1062 1788 ·

336 1923 340 1932 ¹
395 1939 399 2034 J
462 1959 696 2044 =unpur
728 1959 805 2028 x1.

266 2143 271 2151 ·
295 2107 370 2180 San
382 2118 578 2204 postquam
596 2106 750 2182 reductae
761 2109 932 2214 utrinque
944 2107 1062 2208 acies,'

244 2221 375 2322 etjam
395 2219 435 2297 in
459 2237 537 2296 tuto
551 2223 654 2298 miles
680 2241 803 2300 noster
824 2245 920 2324 erat,
937 2231 1061 2306 cuncti

247 2355 351 2442 reg'es
367 2341 545 2417 Achillem
560 2340 799 2437 conveniunt,
811 2346 1060 2423 deformatum

246 2457 324 2559 jam
335 2459 504 2563 lacrymis
512 2476 621 2562 atque
629 2461 729 2533 omni
738 2461 911 2561 supplicio
924 2464 1062 2540 lamen·

246 2576 374 2650 tandi:
394 2578 456 2676 qui
481 2581 594 2653 modo
611 2595 810 2678 prostratus
830 2582 951 2676 humi,
964 2595 1071 2659 nune*

247 2691 410 2771 cadaveri
440 2695 686 2796 superjacens,
715 2699 805 2776 adeo
837 2699 1060 2800 reliquorum

248 2808 393 2885 animos
404 2828 687 2914 pertentaverat,
701 2834 741 2893 ut
750 2817 843 2919 Ajax
857 2821 987 2913 etiam,
1002 2821 1064 2922 qui

246 2928 1059 3028 solendicausaadstiterat,nihilluetuiremit-

249 3061 363 3133 teret:
379 3073 445 3122 nec
454 3053 607 3124 Patrocli
620 3065 759 3122 tannim
770 3075 869 3124 mors
880 3057 1059 3157 gemitum

247 3161 351 3236 illum
364 3163 499 3238 cunctis
512 3164 726 3261 incusserat,
740 3167 804 3242 sed
816 3172 993 3271 praecipue
1003 3203 1061 3252 re-

166 3319 170 3326 ·
249 3279 409 3356 cordatis
421 3280 612 3356 vulnerum
629 3311 696 3382 per
717 3284 795 3361 loca
813 3290 975 3388 corporis
993 3320 1062 3390 pu-

250 3393 423 3475 dibunda.
438 3399 548 3512 Qund
561 3403 768 3504 exemplum
781 3405 980 3506 pessimum
995 3435 1062 3508 per
