2348 4156
252 327 330 412 156⁴
438 357 614 413 333333
640 337 876 416 33333335

246 465 325 552 esse
339 475 512 549 exercitus
530 467 838 568 incolumitatem
858 501 978 578 neque
993 471 1061 550 'ul'-

246 592 355 668 terius
380 587 544 689 differre,
570 595 657 696 quin
689 597 892 696 Astynome
919 591 1061 692 parenti

245 710 511 807 remitteretur,
531 713 688 788 maxime
704 714 732 786 si
747 711 970 788 restitutione
983 711 1063 811 ejus
1079 721 1081 726 '

243 821 437 904 instantem
454 829 651 928 perniciem
665 821 974 931 subterfugerent;
990 853 1060 914 nec

245 937 442 1050 quicquam
455 947 640 1046 deprecari
652 948 828 1046 amplius,
845 948 875 1020 si
894 945 1011 1020 modo
1023 944 1062 1018 in

248 1067 369 1142 locum
405 1069 482 1167 ejus
515 1066 834 1164 Hippodamiam,
864 1061 944 1165 quae
975 1090 1062 1138 eum

241 1185 385 1260 'Achille
408 1186 578 1287 degeret,
593 1185 768 1260 vicarium
787 1209 919 1259 munus
940 1181 1061 1254 amissi

247 1293 607 1401 bonoris'acciperet'.
634 1305 724 1402 Quae
745 1329 823 1396 res,
837 1289 1061 1402 quamquam

246 1435 348 1494 atrox
375 1421 543 1494 omnibus
559 1437 595 1495 et
614 1420 760 1522 indigna
778 1419 985 1509 videbatur,
1003 1432 1065 1488 ta·-

246 1531 334 1612 men
343 1537 555 1612 connivente
565 1536 702 1610 Achille
711 1537 813 1634 cujus
823 1535 860 1607 id
869 1532 1060 1632 praemium

238 1682 314 1754 ‘pro
334 1655 456 1728 multis
474 1672 511 1729 et
524 1652 676 1758 egregiis
691 1652 909 1726 facinoribus
922 1653 1061 1746 fuerat,

244 1763 414 1846 effectum
433 1773 568 1843 babuit.
590 1772 727 1846 Tantus
741 1796 845 1842 amor
862 1768 1060 1842 exercitum

244 1913 353 2015 erga,
376 1881 533 1982 curaque
557 1885 594 1956 in
618 1884 740 1958 animo
767 1884 902 1984 egregit
894 1885 1063 1958 adoles-

244 2017 354 2076 centis
364 2000 552 2073 msederat
564 1999 677 2100 Igitur
685 2000 832 2076 adversa
843 2001 1075 2078 cunctorum

244 2118 426 2196 voluntate
434 2145 583 2219 ‚neque
598 2133 719 2191 tamen
734 2145 919 2218 quoquam
937 2120 1061 2219 palam

176 2285 179 2292 .
244 2253 452 2330 recusante,
468 2235 739 2339 Agamemnon
737 2252 910 2338 tanquam
923 2239 982 2311 ab
981 2265 1061 2314 om·

245 2356 351 2430 nibus
378 2383 543 2431 concessa
564 2382 620 2431 res
644 2354 828 2430 videretur
840 2355 1057 2450 ,lictoribus

244 2491 286 2548 ut
314 2474 561 2573 Hippodamia
586 2474 851 2564 abstraheretur
875 2475 1053 2573 imperat:
1165 2503 1166 2522 ¹

244 2574 354 2690 bique
374 2593 500 2666 brevi
489 2619 582 2690 Jussa
595 2591 766 2666 efficiunt
782 2592 930 2666 Interim
946 2593 1057 2694 Asty-

221 2809 225 2816 ,
244 2734 380 2806 nornen
391 2699 505 2782 Graeci
516 2736 581 2814 per
592 2709 811 2816 Diomedem
825 2725 931 2810 atque
942 2711 1055 2811 Ulys-

243 2850 320 2897 sem
340 2816 424 2898 cum
446 2827 577 2928 magna
602 2827 709 2930 copia
724 2827 978 2922 victimarum,
1008 2826 1054 2903 ad

243 2937 369 3016 fanum
398 2944 574 3040 Apollinis
591 2943 829 3016 transmisere.
853 2947 945 3019 Dein
967 2953 1053 3044 per'-

243 3055 339 3132 fecto
352 3055 546 3156 sacrificio,
561 3051 751 3155 paullatim
760 3057 812 3132 vis
829 3061 914 3134 mali
926 3059 1052 3156 leniri,

243 3202 360 3278 neque
369 3161 520 3272 amplius
530 3175 872 3276 attentancorpora
881 3196 916 3255 et
927 3208 1054 3256 eorum

246 3323 309 3395 qm
300 3295 423 3370 antea
441 3290 681 3396 fatigabantur
690 3311 895 3409 ,tanquam
910 3316 1052 3398 sperato

246 3409 413 3490 drvnutus
424 3409 790 3514 levamme,relaxar1
809 3419 861 3492 Ita
875 3415 976 3494 breu
986 3443 1053 3518 per
1157 3433 1158 3446 ¹
