2348 4156
262 355 265 360 ,
323 341 485 390 alvan
524 340 744 393 suoouo.
875 319 943 415 159

124 450 334 546 universum
351 452 546 527 exercitum
563 453 747 542 salubritas
763 453 939 556 vigorque

125 569 248 642 solitus
266 582 458 644 renovatus
471 586 534 644 est.
554 569 711 646 Mittitur
724 572 832 646 etiam
855 571 942 646 Phi-

126 683 942 790 loctetaeLemnumportiopraedaeejus,quam

127 804 243 880 Graeci
255 831 325 904 per
338 807 489 907 Ajacem
503 823 610 909 atque
627 807 805 882 Achillem
820 807 942 882 advec-

126 936 200 996 tam
213 922 311 1024 inter
324 949 361 998 se
374 922 510 999 viritim
523 921 788 1000 distribuerant.

302 1129 509 1254 uapor
544 1183 766 1281 xxurv.

175 1398 378 1471 Caranum
396 1394 552 1469 Achilles
571 1419 716 1468 memor
727 1393 865 1496 iujuriae
881 1421 944 1470 su-

112 1513 295 1614 ·pradictae
333 1513 583 1586 abstinendum
616 1511 760 1611 publico
796 1513 942 1587 consilio

129 1631 354 1724 decreverat,
364 1629 448 1704 odio
462 1630 619 1704 maxime
633 1628 941 1730 Agamemnonis,

128 1749 334 1849 abolitoque
347 1771 472 1822 amore
490 1773 600 1847 quem
614 1747 706 1823 eirca
724 1747 867 1824 Graecos
879 1748 943 1820 ha-

8 1875 11 1894 '
128 1865 275 1954 buerat3
291 1865 423 1941 scilicet
434 1865 534 1966 quod
542 1889 669 1944 eorum
678 1859 849 1965 patientia
861 1881 943 1965 post

129 1998 184 2058 tot
209 1984 389 2058 bellorum
415 1981 604 2078 victorias,
635 2009 676 2059 ac
697 1984 790 2059 facta
806 1983 944 2076 fortia,

129 2101 400 2200 Hippodamia,
424 2127 632 2177 concessum
663 2120 731 2199 pro
756 2099 944 2174 'laboribus

116 2219 345 2318 praemium,
364 2245 431 2317 per
458 2219 628 2320 injuriam
657 2217 809 2290 abducta
839 2229 940 2292 esset.

128 2337 223 2410 Dein
241 2334 422 2412 venientes
444 2336 492 2410 ad
508 2364 545 2412 se
559 2336 685 2427 duces,
703 2333 802 2408 aditu
817 2331 945 2431 prohi-

127 2453 217 2528 bere
230 2508 243 2544 ,
255 2477 373 2551 neque
386 2454 555 2555 cuiquam
570 2453 771 2528 amicorum
785 2451 945 2552 ignosce-

115 2589 170 2645 ·re
178 2625 191 2664 ,
207 2567 271 2669 qui
285 2593 321 2642 se
333 2570 499 2647 adversus
515 2569 803 2674 Agamemnonis
815 2583 945 2643 contu-

129 2687 281 2780 melias,
311 2713 425 2788 quum
452 2689 646 2765 defendere
675 2690 820 2780 liceret,
846 2687 946 2762 dese·

129 2803 296 2878 ruissent.
312 2807 410 2879 lutus
423 2806 534 2908 igitur
546 2795 722 2896 manens,
739 2804 944 2880 Patroclum

132 2936 168 2996 et
184 2919 413 3017 Phoenicem,
430 2924 527 2999 hunc
545 2947 692 2998 morum
706 2919 944 3022 magistrum,

130 3033 285 3111 alterum
312 3040 492 3141 obsequiis
521 3037 684 3114 amicitiae
719 3039 888 3130 charum,
910 3052 946 3110 et

129 3155 295 3260 aurigam
308 3184 415 3236 suum
427 3159 738 3241 Automedontem
751 3179 873 3232 secum
891 3177 946 3242 ro·¹

131 3273 279 3350 tinebat.
