2348 4156
228 271 295 343 136
400 295 580 345 corana
610 295 660 348 nr
687 279 845 344 rnorr:

223 405 285 478 hat
293 463 305 500 ,
319 406 347 478 si
359 389 780 508 Polydorusredderetur
798 435 807 474 ι
823 417 1033 504 postremo,

223 524 393 597 eumdem
420 553 541 600 casum
562 542 669 627 atque
693 525 831 600 exitum
846 520 1034 620 utriusque

222 642 505 716 custodiendum.
543 644 747 719 Adversum
766 665 875 744 qnae,
897 639 1034 714 cunctis

222 758 426 853 silentibuS,
443 765 608 836 Antenor
625 761 810 853 resistere,
829 785 869 834 ac
883 785 929 832 ne
944 757 1033 858 quid
1062 845 1065 849 ‚

222 859 429 976 hujusmodi
439 879 706 969 decerneretur,
719 903 852 979 magna
859 875 895 954 vi
902 902 1032 977 repug-

221 977 319 1066 nare.
334 995 403 1068 Sed
415 1011 606 1104 postquam
626 993 801 1088 invicem,
814 993 928 1066 multa
944 1018 1035 1067 cou-

222 1127 365 1208 sumpta
374 1111 556 1205 oratione,
570 1127 752 1186 certamen
761 1137 888 1185 eorum
896 1111 941 1182 ad
950 1137 1033 1182 ma-

221 1253 289 1300 nus
306 1246 545 1325 processerat,
559 1255 685 1303 omnes
708 1228 771 1329 qui
790 1229 936 1303 aderant
945 1283 958 1320 ,
971 1227 1032 1300 in·-

222 1345 385 1445 quietum
403 1375 444 1422 ae
457 1341 665 1422 seditiosum
679 1347 938 1423 Antimachum
949 1371 1033 1444 pro-

222 1464 429 1541 nunciantes
440 1477 453 1560 ,
467 1493 487 1540 e
502 1467 599 1541 curia
613 1467 761 1567 ejecere.

435 1662 639 1732 CAPUT
675 1663 839 1730 XXV,

270 1811 343 1882 San
366 1809 428 1879 ubi
444 1811 635 1881 Priamidae
655 1810 804 1908 ingressi
817 1824 923 1901 sunt,
943 1812 1034 1881 Pan-

221 1925 303 1996 thus
322 1926 521 1997 Hectorem
545 1925 760 2014 obsecrans,
777 1950 863 1995 nam
889 1926 918 1995 is
937 1922 1036 2000 inter

221 2039 363 2140 regulos
379 2067 463 2138 cum
479 2039 629 2132 virtute,
651 2055 728 2111 tum
749 2039 896 2115 consilio
914 2042 1034 2132 bonus

221 2157 452 2250 credebatur,
466 2158 624 2249 hortari,
638 2159 688 2230 uti
703 2158 844 2232 Helena
855 2187 951 2234 nunc
968 2187 1034 2258 po·

140 2269 143 2276 ⁴
222 2274 421 2369 tissimum,
435 2303 549 2377 quum
557 2275 675 2351 Gracci
685 2277 861 2374 supplices
877 2279 925 2352 ob
939 2278 1034 2354 hanc

185 2425 188 2432 ’
223 2383 366 2467 causam
379 2379 555 2468 venissent
561 2451 574 2488 ,
589 2417 673 2468 cum
687 2393 844 2468 amicitia
859 2395 1032 2470 reddere·

151 2525 154 2532 “
222 2512 1032 2614 tur:nequeparumAlexandroadexplendum

223 2629 1034 2730 amorem,siquemeircaHelenamhabuerat,

222 2745 1034 2845 transactumQuocircaversarianteomnium

198 2871 202 2876 '
223 2859 922 2966 oculosopporterepraesentiamregum
930 2865 1034 2939 Gree-

224 2971 375 3069 corum,
392 3005 590 3080 eorumque
606 2983 698 3054 facta
709 2980 840 3074 fortia,
855 3011 896 3055 ac
909 3009 1032 3058 recens

223 3101 365 3192 partam
382 3095 533 3193 gloriam
549 3095 656 3170 erutis
672 3094 893 3172 amicissimis
906 3100 1032 3199 Trojae

224 3209 432 3286 civitatibus.
453 3211 513 3283 Ob
529 3239 609 3284 eam
628 3213 736 3286 etiam
758 3243 900 3290 causam
921 3217 1034 3316 Poly-

223 3317 419 3440 mestorem
441 3328 646 3430 exemplum
668 3330 813 3408 admissi
831 3333 1035 3409 abhorren-
