2360 4142
288 313 362 414 340
455 339 651 394 ‘cannae
677 337 730 391 nn
758 337 907 394 raom.

287 479 368 562 gaeo
377 453 571 552 sepelivere
582 485 591 528 a
603 455 661 530 cui
668 455 898 554 sepulchrum
913 451 1020 528 etiarn
1035 474 1092 522 ex-

232 589 235 598 ‘
288 573 503 676 struendum
520 573 565 646 ab
579 571 634 646 his
647 571 707 674 qui
723 573 759 646 in
774 600 817 648 eo
828 573 908 648 loco
921 570 1091 672 agebant,

289 681 463 768 mercede
472 691 564 790 Ajax
576 689 669 765 locat
675 685 1092 793 ,indignatusindeGm

291 808 360 902 cis,
373 809 472 908 quod
484 807 570 880 nihil
578 807 616 879 in
624 808 677 880 his
685 809 837 908 dignum
849 805 984 882 doloris
995 805 1093 905 juxta

287 921 516 1000 amissionem
534 923 623 1016 tanti
637 923 756 997 herois
778 922 1091 998 animadverteret.

281 1025 352 1118 Per
360 1042 458 1122 idem
468 1042 796 1145 tempusPyrrhus,
809 1039 1096 1158 quemNeopto·

278 1157 418 1232 inmuni
433 1157 709 1250 memorabant,
722 1156 863 1260 genitus
886 1153 1026 1232 Achille
1051 1182 1095 1228 ex

256 1325 259 1334 .
280 1274 470 1356 Deidamia
479 1275 709 1382 Lycomedis,
719 1274 1096 1388 superveniensoffen·

287 1394 341 1468 dit
352 1393 532 1468 tumulum
541 1410 759 1470 exstructum
766 1395 842 1494 jam
851 1408 1003 1492 exparte
1016 1419 1095 1466 nta-

235 1585 245 1604 ,
280 1511 389 1586 i'ima.
408 1511 502 1588 Dein
516 1527 744 1612 percontatus
770 1511 908 1586 exitum
933 1524 1093 1608 paternae

253 1629 435 1726 'mortis,'
456 1631 676 1734 doctusque,
703 1629 976 1733 Myrmidonas,
1002 1652 1094 1730 gen-

277 1765 353 1853 tem
383 1749 616 1858 fortissimam
647 1765 682 1822 et
712 1749 883 1850 inclytam
915 1745 1092 1836 bellandi,

275 1865 506 1963 armis'atque
524 1865 654 1938 animis
676 1867 865 1940 confirmat
874 1893 886 1950 ,·
901 1864 1094 1959 imposito·
1163 1923 1164 1938 ἶ

273 2003 342 2076 que
372 1975 535 2049 faciendo
561 1980 663 2074 operi
693 1979 878 2071 Phoenice,
908 1977 954 2051 ad
981 2005 1094 2057 naves

272 2086 380 2194 a‘tqu'e
398 2091 444 2164 ad
462 2092 615 2165 tentoria
631 2093 787 2192 parentis
813 2095 1023 2169 contendit:
1040 2097 1093 2172 ibi

274 2205 468 2314 custodem(
485 2207 608 2284 rerum
634 2203 783 2284 Achillis
797 2209 1091 2308 Hippodamiam

275 2315 541 2440 animadvertit..
557 2325 717 2430 Moxque
731 2327 887 2406 adventu
899 2329 975 2429 ejus
997 2357 1091 2434 cog·
1113 2359 1114 2364 ’

258 2451 262 2458 ’
276 2441 741 2546 nito,ine11mdemlocum
755 2475 775 2518 a
788 2445 923 2546 cunctis
935 2446 1089 2552 ducibus

274 2559 529 2638 concurritur:
551 2563 660 2666 hique
683 2563 735 2638 nti
756 2562 1088 2667 animum-aequum

236 2735 239 2740 ,
271 2675 439 2773 haberet,
454 2679 707 2778 deprecantur.
719 2681 830 2783 Queis
842 2677 994 2783 benigne
1011 2709 1088 2758 res-

207 2865 209 2870 .
271 2797 452 2902 pomieno,
469 2823 536 2874 nec
557 2797 645 2893 sibi,
668 2799 740 2892 ait,
758 2799 962 2901 ignoratum
984 2827 1062 2877 esse
1073 2859 1087 2897 ,

268 2907 391 2996 ornnia
412 2941 496 3016 quae
522 2916 690 2995 divinitus
714 2918 859 3008 fierent,
887 2917 973 2992 forti
1000 2945 1087 3018 pec-

196 3092 200 3102 .
268 3049 348 3110 tore
363 3029 548 3132 patienda,
568 3059 686 3132 neque
707 3033 876 3132 cuiquam
896 3057 1006 3133 super
1029 3037 1088 3110 fa-

269 3165 349 3224 tum
373 3143 512 3244 vivendi
535 3170 739 3221 concessam
762 3146 882 3249 legem
901 3182 911 3221 :
935 3167 1085 3250 turpem

266 3290 426 3366 namque
458 3261 509 3339 ac*
528 3261 771 3342 detestandam
807 3266 891 3342 viris
924 3267 1102 3344 fortibus.

271 3382 515 3462 conditionem
528 3397 704 3476 senectae;
727 3400 851 3482 contra
873 3381 1085 3476 imbellibus
