2314 4144
245 372 679 430 narnasacoun.
821 377 864 457 91
993 345 996 352 ⁴

48 484 97 564 ob
111 489 234 566 scelus
246 489 370 594 violati
384 492 586 566 communis
599 491 764 591 hospitii,
775 494 877 574 Grae«.

47 604 96 681 eis
111 608 216 684 ultro
233 609 331 682 ferre
346 609 544 703 auxilium,
562 610 599 682 in
618 639 774 712 quorum
793 640 872 715 gra*

1 739 2 780 l
51 725 169 819 tiam,
192 726 306 824 ipsius
326 726 435 801 etiam
454 728 630 820 Herculis.
648 722 803 827 plurima
823 731 871 804 la·

1 917 2 940 p
47 841 187 918 borum
205 859 445 918 monumenta
466 868 532 942 per
555 863 669 919 totam
687 839 871 923 oratiam

50 957 256 1035 existerent.
284 957 347 1034 Ad
372 989 413 1035 ea
430 963 633 1060 Telephus,
658 965 722 1040 etsi
747 967 872 1040 dolore

51 1077 211 1153 vulneris
230 1077 435 1178 immodice.
447 1079 699 1174 afflictabatur,
716 1083 872 1186 benigne

1 1207 3 1258 l
52 1209 177 1269 tamen
205 1194 459 1294 respondens,
481 1195 645 1294 ipsorum
675 1193 794 1298 potius
822 1199 872 1274 ait

1 1333 2 1338 ’
57 1310 161 1410 eulpa
176 1311 337 1404 factum,
350 1308 449 1412 quod
464 1311 717 1408 amicissimos,
726 1331 762 1392 et
774 1317 873 1414 junc-

56 1445 111 1504 tos
127 1427 198 1504 sibi
212 1428 376 1533 generis,
393 1431 587 1524 affinitate,
604 1457 718 1532 regno
734 1455 799 1506 suo
813 1461 873 1532 ap·

1 1613 2 1618 ,
56 1549 178 1648 pulsos
195 1547 439 1652 ignoraverit:
458 1549 726 1648 praemittendos
739 1549 874 1626 etenim

1 1693 2 1708 ¹
57 1665 192 1761 fuisse,
211 1693 279 1766 per
294 1692 386 1767 quos
402 1665 549 1768 cognito
567 1687 697 1744 eorum
715 1668 873 1746 adventu

59 1785 204 1862 obviam
217 1785 270 1859 ire
282 1784 524 1888 gratulantem
537 1786 754 1885 oportuerit3
766 1803 876 1889 atque

1 1913 2 1978 l
60 1903 174 1980 amice
185 1902 343 2001 hospitio
355 1918 539 2000 receptos,
552 1905 775 2007 donatosque
792 1932 875 2000 mp-

62 2018 230 2115 neribus,
246 2043 363 2122 quum
384 2021 621 2096 commodum
636 2021 720 2121 ipsis
737 2023 875 2101 videre-

63 2154 119 2213 tur
129 2197 143 2234 ‚
160 2139 358 2214 remittere.
383 2139 562 2214 Caeterum
581 2139 748 2216 militiam
772 2141 877 2215 Pria-

63 2283 165 2330 mum
199 2255 391 2330 adversum
421 2281 585 2330 recusare
619 2285 628 2324 ε
664 2257 874 2356 Astyochea
969 2311 971 2327 .

63 2373 160 2447 enim
176 2369 339 2465 Priami,
358 2368 423 2444 sibi
445 2367 679 2444 matrimonio
696 2371 879 2470 junctam,
1018 2359 1024 2371 ⁸

1 2581 2 2586 ἵ
65 2519 106 2564 ex
118 2517 190 2592 qua
211 2488 419 2590 Eurypylus
438 2485 579 2590 genitus
598 2541 611 2577 ‚
637 2485 878 2562 arctissimum

64 2606 240 2682 affinitatis
258 2605 390 2708 pignus
409 2603 657 2679 intercederet.
680 2595 773 2678 Dein
797 2629 880 2703 pro·

65 2752 148 2826 pere
172 2724 409 2826 popularibus
421 2726 474 2798 uti
492 2723 537 2797 ab
554 2723 712 2830 iucoepto
730 2724 879 2800 desiste-

1 2865 3 2924 t
66 2861 167 2938 rent,
194 2841 358 2918 nunciari
381 2841 517 2942 jubet:
541 2837 648 2940 atque
674 2841 722 2914 ita
747 2842 878 2918 nostris

66 2960 213 3036 liberam
244 2957 452 3060 egrediendi
486 2957 635 3032 navibus
665 2973 880 3054 potestatem

67 3077 255 3178 permittit.
283 3075 543 3176 Tlepolemus,
567 3089 604 3150 et
631 3073 693 3176 qui
720 3105 803 3152 eum
835 3102 880 3153 eo

68 3192 879 3296 venerantAEurypylotraduntur:hique‚per³

69 3315 169 3390 fectis
185 3341 268 3416 quae
288 3313 475 3412 cupierant
483 3369 498 3419 t
515 3312 561 3387 ad
577 3339 684 3388 naves
700 3323 879 3412 pergunt3

68 3434 276 3522 nunciantes
296 3432 570 3534 Agamemnoni
589 3457 632 3506 ar
645 3427 884 3530 reliquisre-
932 3455 935 3460 ·
