2314 4144
210 369 213 372 -
293 339 361 396 rao
471 293 915 424 ousnnn'nrrnornl
1039 343 1042 348 ¹

286 438 1101 556 aequeineensacivitate‚magnamvimpraedae

283 571 417 665 trahit,
444 570 623 646 abducens
645 572 876 677 Tecmessam
898 571 1012 648 filiam
1036 599 1098 650 re-

423 868 427 872 ·
510 847 701 919 CAPUT
734 848 858 920 XIX„

326 1023 468 1096 Iorrun
485 1017 593 1094 ambo
608 1017 717 1094 duces
733 1018 854 1094 multis
869 1019 1018 1095 vastatis
1035 1035 1091 1095 at·

277 1165 347 1240 que
355 1135 563 1239 expugnatis
570 1134 774 1238 regionibus
782 1193 795 1232 ,
809 1136 876 1240 ipsi
883 1135 972 1212 clari
981 1153 1091 1241 atque

258 1253 457 1357 'magnifici
467 1253 604 1355 ingenti
617 1253 764 1328 nomine
773 1309 786 1349 ,
802 1281 868 1352 per
880 1253 1023 1332 diversa
1036 1241 1089 1328 lo-

272 1399 340 1468 ca,
360 1371 462 1474 quasi
481 1370 527 1448 de
549 1369 749 1466 industria,
767 1369 897 1446 eodem
921 1363 1087 1471 tempore

270 1492 317 1566 ad
330 1489 526 1570 exereitum
539 1515 756 1568 remeavere.
773 1489 912 1565 Deinde
926 1516 1087 1589 perprae-

269 1635 378 1684 cones
402 1606 586 1684 conductis
608 1605 646 1678 in
664 1633 779 1708 unuin
797 1606 936 1683 eunetis
956 1605 1084 1681 militi-

265 1724 335 1800 bus
343 1780 356 1818 ,
375 1724 618 1824 ducibusque,
633 1717 812 1826 progressi
831 1722 870 1799 in
886 1722 1052 1802 medium
1067 1777 1080 1816 ‚

264 1841 394 1942 singuli
413 1840 601 1932 laborum,
624 1853 733 1937 atque
753 1839 935 1914 industriae
961 1842 1079 1917 docu-

263 1969 385 2036 menta
403 1953 443 2027 in
463 1968 657 2050 conspeetu
676 1953 843 2028 omnium
860 1981 1074 2053 exposuere.

260 2076 350 2174 Quae
360 2067 544 2145 ubiGraeei
553 2066 860 2167 animadvertere,
874 2071 1000 2149 favore
1015 2071 1075 2148 in-

258 2185 358 2296 genti
367 2180 574 2260 aclaudibus
581 2183 827 2282 eosprosecuti
831 2240 846 2280 ,
856 2185 1072 2289 mediosque

241 2317 450 2400 ‘statuentes
472 2298 581 2376 ramis
602 2298 690 2374 oleae
714 2325 944 2380 coronavere.
977 2305 1071 2382 Dein

257 2421 446 2502 eonsilium
458 2421 502 2496 de
511 2410 700 2512 dividenda
707 2420 826 2520 praeda
838 2421 963 2500 haberi
976 2449 1070 2524 coep-

255 2561 355 2640 tum,
372 2545 527 2624 Nestore
545 2555 583 2618 et
597 2539 793 2616 Idomeneo
809 2539 846 2614 in
868 2541 1066 2618 decernen-

254 2662 303 2740 do
319 2659 465 2756 optimis
486 2657 833 2758 auctoribus,1taque
847 2671 1062 2735 cunctorum

251 2775 449 2870 sententia,
467 2801 511 2848 ex
527 2773 630 2848 omni
646 2775 764 2875 praeda
777 2803 888 2882 quarn
904 2776 1061 2854 Achilles

250 2905 521 2994 apponaverat,
541 2907 727 2992 exceptam
751 2893 910 2968 Eetionis
929 2893 1058 2995 conju-

250 3037 336 3120 gem
351 3011 597 3109 Astynomen,
609 3033 720 3106 quam
732 3006 862 3116 Chrysi
876 3011 985 3088 [iliam
998 3037 1057 3086 su-

249 3156 316 3234 pra
332 3125 518 3206 docunius
526 3180 540 3219 ,
553 3125 601 3197 ob
611 3123 787 3204 honorem
801 3128 943 3233 regium
957 3131 1055 3230 Aga-

248 3237 437 3329 memnoni
460 3239 634 3316 obtulere.
660 3242 741 3340 lpse
767 3243 876 3319 etiarn
899 3245 1054 3327 Achilles

249 3382 378 3471 praeter
393 3358 506 3445 Brisei
517 3357 629 3440 filiam
643 3359 952 3465 Hippodamiam,
966 3362 1053 3439 Dio-
1114 3367 1120 3374 '
