2314 4144
281 321 326 399 92
460 323 642 378 suanae
669 323 726 374 nn
753 299 914 376 'creona⁴

188 431 189 434 ’
283 434 387 538 gibus
405 460 557 536 pacem,
575 437 878 540 concordiamque
890 457 963 513 cum
976 429 1065 512 Tele·

283 551 369 648 pho.
443 651 449 698 t

535 1073 737 1148 CAPUT
773 1070 843 1148 VI.

171 1239 175 1250 ’
335 1249 431 1347 Qum
446 1245 507 1321 ubi
519 1267 701 1347 accepere,
713 1261 923 1347 apparatum
931 1234 1007 1320 belli
1015 1243 1081 1318 laeti

288 1362 471 1438 omittunt.
485 1365 578 1442 Dein
591 1393 636 1438 ex
646 1364 782 1438 consilii
793 1359 1085 1438 sententia'Achil-

288 1477 344 1578 les
359 1507 443 1554 cum
463 1475 574 1580 Ajaee
595 1481 641 1552 ad
659 1479 863 1575 Telephum
881 1487 1089 1578 pemenere,

181 1691 184 1702 ¹
290 1620 447 1695 eumque
467 1597 639 1696 jactatum
658 1593 799 1694 magnis
818 1593 998 1668 doloribus
1013 1619 1098 1668 con-x

291 1711 418 1810 solati,
439 1727 480 1784 ut
500 1710 647 1786 viriliter
666 1710 941 1784 incommodum
962 1709 1099 1803 ferret,

293 1825 538 1920 deprecantur.
564 1828 615 1898 At
632 1823 836 1935 Telephus,
858 1821 921 1894 ubi
935 1823 1098 1925 aliquan-

293 1955 372 2014 tum
384 1941 529 2040 requies
537 1939 668 2030 doloris
679 1940 924 2014 intercesserat
934 1995 952 2045 ,¹
960 1942 1098 2018 Graecot

294 2056 489 2153 incusare,
504 2059 668 2159 quodne
687 2057 855 2142 nuntium
876 2058 1031 2157 quidem
1047 2062 1098 2134 ad·

294 2190 420 2278 ventus
437 2166 491 2249 sui
508 2174 769 2274 praemisissent.
795 2173 888 2248 Dein
911 2194 1098 2273 perconta-

190 2335 194 2342 ·
295 2306 380 2385 tur,
399 2291 573 2394 quinam,
593 2307 628 2368 et
653 2307 779 2392 quanti
768 2291 1016 2390 Pelopidae
1005 2322 1047 2366 m
1075 2323 1098 2369 e

295 2409 422 2484 militia
447 2426 591 2486 essent.
618 2410 814 2511 doctusque
839 2409 964 2486 multis
989 2413 1098 2510 preci

298 2529 366 2606 bus
382 2547 486 2624 orat,
504 2546 545 2603 ut
564 2511 609 2603 ad
631 2555 669 2602 se
689 2547 815 2612 omnes
832 2527 994 2604 veniant.
1015 2527 1098 2604 Tur

299 2639 412 2718 nostri
436 2645 592 2718 facturos
620 2671 657 2717 se
690 2671 800 2744 quae
796 2643 901 2720 vellet
929 2645 1098 2742 polliciti

300 2760 516 2836 desiderium
530 2760 623 2862 regis
636 2760 788 2862 reliquis
798 2761 1038 2838 nunciavere.
1060 2767 1098 2868 lg

300 2893 360 2952 tur
375 2904 501 2952 omnes
511 2878 708 2976 Pelopidae,
722 2893 850 2976 praeter
863 2881 1098 2980 Agamemn

250 3077 252 3082 ,
300 3022 386 3068 nem
403 3009 439 3066 et
457 2995 688 3087 Menelaum,
712 2992 749 3068 in
770 3023 886 3094 unum
901 3023 1098 3102 congrega

303 3113 348 3186 ad
369 3109 570 3207 Telephum
591 3109 763 3206 veniunt,
778 3113 1028 3217 multumque
1052 3147 1098 3219 gr

304 3225 482 3304 tulationis
497 3240 605 3328 atque
622 3226 748 3302 laetitiae
760 3231 953 3326 praesentia
969 3259 1049 3308 sua
1065 3263 1098 3308 rt

301 3343 465 3450 obtulere
489 3370 568 3450 ³2³9·
581 3341 711 3422 deinde
734 3345 954 3424 muneribus
982 3347 1098 3453 largi
